3534 5450
1421 393 1497 417 ..-
1536 368 1623 431 523
1659 396 1741 415 .-

273 485 567 572 fiscantut,
611 504 675 554 et
716 487 851 575 ipse
894 484 1003 552 fiat
1045 500 1271 551 servus
1313 483 1560 568 Curiae,
1603 498 1796 572 quem
1843 497 2098 550 sewum
2146 484 2199 550 si
2231 481 2442 550 forsan
2472 482 2708 550 nefario
2740 498 2919 567 ausu,

271 592 358 660 vel
398 614 580 661 suasu
624 591 837 660 fecerit
881 590 1264 675 circumcidi,
1310 589 1411 657 vel
1457 612 1683 678 negare
1726 589 1921 657 fidem
1984 590 2280 679 puniatur
2307 587 2618 678 supplicio
2648 587 2917 678 capitali.

429 772 519 829 58.
555 773 631 829 Do
669 777 820 842 raptu
854 771 1132 843 viminum.

427 914 491 981 Si
521 914 661 1002 quis
706 915 1193 1004 praesumpserit
1238 930 1455 1002 rapere
1491 913 1765 1001 virgines
1798 930 2003 979 sacras
2034 913 2174 978 Deo
2206 925 2313 979 aut
2343 910 2634 979 nondum
2667 910 2922 995 velataS,

266 1036 441 1088 causa
481 1018 780 1104 criminis,
824 1018 923 1085 vel
969 1034 1154 1086 causa
1202 1019 1608 1106 matrimonii,
1656 1019 1954 1105 puniatur
2000 1017 2247 1107 capitali
2284 1016 2619 1103 sententia,
2650 1016 2752 1083 vel
2784 1015 2924 1095 alia,

272 1146 454 1218 quam
498 1144 763 1196 censura
806 1126 968 1214 regis
1013 1125 1359 1194 dictaverit.

432 1342 568 1410 Nos
614 1338 763 1408 Don
810 1341 1089 1409 Alonsus
1119 1339 1199 1406 de
1230 1339 1527 1408 Cardona
1557 1339 1804 1406 Salutio
1834 1356 1898 1405 et
1930 1338 2170 1406 Pei-alta
2217 1356 2436 1405 comes
2466 1338 2670 1424 Regii,
2716 1337 2925 1404 domi«

262 1470 380 1516 nus
410 1449 635 1517 Clusae
665 1464 729 1516 et
775 1448 977 1536 Burgi}
1013 1462 1128 1514 etc.
1164 1448 1368 1534 regius
1398 1445 1792 1530 StraticotuS‚
1824 1462 1887 1512 et
1918 1462 2243 1512 armorum
2277 1445 2661 1533 capitaneus
2693 1444 2923 1512 nobilis

259 1554 519 1622 civitatis
566 1554 894 1622 Messanae
939 1555 1159 1642 suique
1204 1555 1540 1638 districtus,
1589 1571 1706 1621 etc.
1754 1568 1819 1620 et
1863 1572 1984 1619 nos
2031 1551 2206 1639 Regii
2246 1551 2492 1638 Judices
2546 1551 2831 1620 Civitatis
2864 1564 2926 1619 et

257 1661 570 1730 districtus
616 1661 989 1729 eorumdem
1059 1680 1375 1728 consensu
1436 1678 1497 1728 et
1563 1660 1892 1728 voluntate
1960 1658 2445 1747 magnificorum
2513 1654 2925 1727 dominorum

253 1767 607 1834 Iuratorum
651 1767 850 1834 dictae
894 1765 1122 1833 nobilis
1155 1766 1463 1848 CivitatiS,
1493 1784 1556 1833 et
1585 1787 1733 1832 cum
1764 1765 2035 1832 consilio
2068 1763 2551 1852 magnificorum
2585 1764 2925 1833 doctorum

253 1874 421 1941 serio
465 1890 993 1962 congregatorum
1040 1874 1209 1940 intus
1272 1872 1533 1940 bancam
1604 1873 1800 1962 ipsius
1857 1871 2102 1940 Nobilis
2172 1870 2462 1938 Civitatis
2532 1868 2924 1959 providimus

253 2003 372 2071 pro
419 1979 720 2065 utilitate,
765 1999 828 2048 et
872 1981 1329 2048 commoditate
1374 1980 1771 2069 Reipublicae
1816 1980 2016 2048 dictae
2062 1979 2310 2048 Nobilis
2366 1978 2658 2047 Civitatis
2686 2034 2702 2064 ,
2751 1979 2924 2069 quod

255 2088 604 2178 subscripta
647 2087 933 2176 capitula,
980 2106 1042 2155 et
1086 2109 1310 2153 eorum
1356 2087 1598 2175 singula
1644 2085 1723 2154 de
1769 2105 2017 2155 caetero
2063 2104 2394 2154 serventur
2449 2087 2513 2151 in
2562 2086 2678 2154 hac
2726 2087 2922 2153 nobili

253 2195 503 2263 civitate
547 2213 612 2261 et
654 2195 846 2261 Curia
889 2192 1287 2262 Straticotiali
1333 2194 1549 2282 ipsiuS,
1581 2217 1857 2283 quorum
1891 2184 2317 2283 capitulorum
2349 2209 2535 2261 tenor
2565 2214 2677 2283 per
2710 2195 2928 2261 omnia

260 2294 402 2370 talis
449 2316 544 2369 eSt
592 2319 663 2368 ut
705 2292 878 2371 infra.

438 2480 535 2537 59.
573 2480 647 2536 no
684 2477 808 2537 stilo
847 2483 901 2536 ot
938 2478 1119 2536 ordino
1155 2476 1365 2535 curiae.

436 2619 637 2702 Quod
684 2638 812 2687 tam
859 2621 925 2687 in
963 2620 1153 2688 Curia
1184 2619 1568 2687 straticotiali
1599 2638 1792 2708 quam
1822 2622 2167 2710 primarum
2199 2619 2695 2709 appellationum
2729 2621 2930 2690 dictae

256 2729 487 2797 nobilis
533 2728 822 2814 civitatis,
869 2747 997 2796 tam
1043 2728 1108 2795 in
1156 2729 1443 2796 terminis
1490 2724 1732 2814 dandis,
1779 2730 1932 2796 actis
1964 2722 2329 2812 scribendis,
2363 2745 2424 2796 et
2455 2730 2754 2796 omnibus
2787 2755 2931 2797 sen-

255 2836 471 2903 tentiis
516 2834 784 2902 ferendis
828 2853 893 2902 et
938 2834 1199 2902 decretis
1244 2836 1716 2921 interponendis
1742 2888 1762 2919 ,
1819 2834 2053 2902 cedulis
2122 2835 2538 2924 recipiendiS,
2599 2838 2664 2903 in
2713 2837 2931 2905 cedula

253 2943 658 3029 injunctoria‚
704 2961 768 3010 et
814 2941 1254 3031 purificatoria,
1301 2964 1488 3031 quam
1537 2944 1724 3010 etiam
1756 2946 1820 3009 in
1854 2964 2261 3031 quocumque
2294 2942 2492 3010 modo
2527 2943 2930 3033 procedendi,

257 3048 341 3116 de
387 3067 635 3116 caetero
681 3063 964 3116 servetur
1007 3049 1190 3133 orde,
1238 3068 1300 3116 et
1344 3050 1522 3116 stilus
1570 3050 1840 3137 Magnae
1903 3050 2135 3135 Regiae
2202 3049 2428 3118 Curiae
2476 3051 2662 3137 hujus
2711 3047 2930 3141 Regni,

258 3176 422 3245 quae
465 3156 724 3223 aliarum
772 3156 1104 3224 Curiatutn
1149 3171 1246 3223 est
1290 3169 1496 3245 caput,
1545 3169 1609 3223 et
1656 3157 1951 3243 magistra
1979 3211 1996 3242 ,
2042 3169 2107 3224 et
2161 3156 2435 3223 secunda
2504 3156 2748 3224 decreta
2795 3173 2927 3224 non

257 3261 568 3350 legantur,
613 3257 839 3351 quovis
887 3266 1202 3329 contrario
1249 3284 1381 3329 non
1431 3257 1765 3348 obstante,
1813 3259 1992 3330 salvo
2038 3261 2171 3350 jure
2232 3259 2659 3332 devolutionis
2706 3259 2783 3330 ad
2824 3288 2932 3330 su·

260 3372 575 3459 perierem
625 3392 732 3457 per
778 3370 944 3436 viam
991 3367 1448 3459 appellationis»,
1494 3389 1620 3437 tam
1653 3368 1730 3437 ad
1761 3371 2003 3436 curiam
2036 3367 2378 3456 ptimarum
2413 3370 2930 3459 appellationum,

259 3499 452 3566 quam
503 3476 581 3544 ad
630 3497 924 3564 magnam
971 3477 1231 3560 curiam,
1277 3494 1341 3543 et
1387 3479 1661 3565 ipsarum
1706 3478 2023 3544 curiarum
2069 3475 2256 3545 salvis
2309 3477 2547 3563 juribus
2617 3494 2679 3546 et
2750 3500 2931 3546 emo·

259 3582 585 3651 lumentis,

444 3763 543 3823 00.
578 3764 795 3833 mando
832 3764 1048 3822 anilitas
1084 3765 1445 3838 promptuaria
1481 3764 1752 3837 impediat.

441 3904 641 3988 Quod
689 3903 751 3974 in
799 3903 949 3996 ipsis
996 3905 1219 3991 causis,
1267 3908 1330 3973 in
1377 3901 1605 3996 quibus
1649 3903 1984 3996 appellatio
2035 3931 2170 3976 non
2201 3908 2531 3997 suspendit
2562 3911 2930 3998 exequutio-

261 4035 436 4095 nem,
481 4012 545 4078 in
591 4013 666 4079 iis
711 4013 925 4095 etiam,
972 4031 1035 4078 et
1083 4010 1334 4080 nullitas
1378 4012 1569 4079 etiam
1619 4014 2047 4101 promptuaria
2095 4031 2372 4099 tentata,
2418 4037 2634 4082 coram
2703 4014 2931 4082 eodem

262 4139 410 4207 post
453 4118 735 4188 triduum
782 4137 816 4184 a
861 4119 965 4185 die
1008 4118 1458 4187 notificationis
1489 4120 1838 4187 sententiae
1868 4121 2026 4207 parti
2060 4119 2372 4188 faciendae
2414 4141 2546 4188 non
2592 4121 2935 4209 suspendat

264 4227 805 4315 exequutionem,
867 4223 1167 4314 praestito
1236 4245 1345 4313 per
1412 4227 1807 4316 optinentem
1877 4226 1956 4293 de
2025 4228 2413 4295 restituendo
2457 4227 2523 4295 in
2579 4251 2723 4297 casu
2792 4247 2934 4297 suc-

261 4329 662 4399 cumbentiae
706 4331 771 4397 in
817 4327 1048 4418 judicio
1096 4329 1439 4418 militatis»,
1487 4329 1608 4400 nisi
1653 4335 1812 4401 lorte
1859 4329 2077 4400 eadem
2142 4331 2388 4401 nullitas
2437 4329 2592 4400 infra
2639 4336 2934 4404 eumdem

412 4491 482 4547 26
516 4494 755 4565 ipsarum
785 4493 993 4549 eutium
1030 4492 1761 4548 Hantwto.-Bnunnncx
1801 4494 2109 4549 attribuisce
2159 4493 2196 4547 l'
2215 4507 2448 4549 erroneo
2503 4491 2714 4552 cutiam
2751 4511 2782 4550 a
2818 4493 2934 4552 CA-

267 4593 445 4647 ιιιουι,
482 4597 573 4636 ma
610 4584 641 4636 e
677 4580 767 4635 del
804 4578 929 4637 solo
970 4582 1273 4637 Hanrwto.
1303 4584 1316 4650 Ι
1350 4594 1415 4649 32
1451 4583 1862 4640 succumbentia
1889 4582 2589 4640 Hanrwto.-—Bnunuzcx
2629 4579 2935 4641 attribuisce

272 4669 325 4726 al
360 4671 531 4727 solito
569 4667 734 4745 quell’
759 4683 941 4727 more
977 4688 1008 4727 a
1046 4669 1292 4726 Cautum
1329 4679 1522 4724 contro
1560 4669 1598 4724 il
1634 4681 1783 4727 veto.

2984 1673 3051 1712 10

2983 2848 3057 2889 20

2986 3383 3051 3436 25

2991 4022 3059 4079 30
