3534 5450
1545 852 1593 957 I
1621 850 1747 962 N
1775 852 1907 957 D
1933 852 1981 957 I
2010 850 2116 960 C
2143 851 2264 959 E

970 1090 1307 1188 DELLE
1358 1088 2102 1192 CONSUETUDIN
2110 1092 2148 1192 1
2199 1092 2310 1193 DI
2364 1092 2836 1195 MESSINA

1720 1314 2146 1358 *ξαρ-..-

745 1601 1045 1670 (Emztomz
1083 1599 1409 1677 APPULO)

574 1730 611 1783 1.
649 1726 736 1782 De
760 1724 923 1782 bonis
948 1727 1045 1783 viri
1069 1739 1124 1783 et
1143 1730 1340 1795 uxoris,
1361 1740 1415 1786 et
1441 1743 1574 1802 quot

714 1828 891 1889 partes
918 1815 1032 1875 fieri
1055 1817 1309 1885 habeant,
1330 1820 1376 1874 si
1402 1837 1566 1892 quan·

715 1903 789 1960 do
825 1921 890 1963 ea
925 1906 1072 1962 bona
1116 1924 1240 1963 cum
1278 1908 1400 1964 filiis
1440 1910 1573 1964 divi-

712 1995 907 2051 dantur
930 2033 947 2051 .
1037 2034 1581 2057 .......
1618 2021 1740 2077 pag.
1817 2018 1851 2075 7

571 2086 625 2140 2.
661 2083 824 2141 Pater
859 2096 916 2141 et
950 2098 1124 2143 mater
1158 2087 1401 2144 viventes
1440 2091 1569 2163 quid

714 2175 930 2248 possint
992 2175 1135 2233 filiae
1194 2179 1423 2234 nubenti
1479 2179 1569 2235 vel

717 2264 832 2321 filio
877 2267 1226 2340 emancipato
1283 2269 1352 2323 de
1407 2269 1567 2325 bonis

715 2356 825 2413 suis
861 2356 1007 2422 dare,
1043 2366 1096 2410 et
1122 2373 1247 2411 cum
1273 2357 1464 2429 quibus
1492 2358 1571 2412 di-

715 2444 963 2501 vidantur
998 2445 1144 2501 bona
1178 2448 1512 2502 remanentia
1551 2496 1562 2509 ‚

574 2538 629 2592 3.
666 2534 823 2591 Patre
860 2547 915 2590 et
949 2547 1120 2590 matre
1157 2536 1459 2592 viventibus
1497 2550 1567 2592 an

717 2622 860 2680 filius
886 2624 1062 2696 possit
1093 2622 1161 2678 de
1187 2623 1346 2679 bonis
1377 2642 1568 2681 eorum

719 2711 921 2786 aliquid
957 2724 1140 2787 petere
1193 2752 1563 2777 .....

574 2807 630 2863 4.
669 2802 947 2860 Defuncto
985 2815 1135 2878 patre
1187 2815 1240 2861 et
1293 2818 1464 2863 matre
1502 2808 1568 2862 ab

714 2893 971 2949 intestato
991 2912 1114 2967 pars
1133 2897 1463 2967 praemortui
1486 2897 1571 2952 cui

715 2981 873 3039 cedat
929 3021 1569 3045 ........

574 3075 626 3128 5.
664 3072 1019 3129 Praemortuo
1056 3086 1205 3147 patre
1248 3076 1335 3129 vel
1380 3087 1568 3141 matre,

718 3162 863 3218 facto
901 3175 1248 3230 testament0,
1276 3164 1403 3236 quid
1439 3166 1567 3220 iuris

714 3252 784 3308 sit
820 3252 888 3306 de
925 3254 1173 3325 portione
1212 3252 1470 3308 defuncti.
1548 3291 1563 3308 .

571 3343 625 3399 6.
663 3341 1015 3396 Praemortua
1051 3353 1221 3397 matre
1259 3341 1350 3397 vel
1404 3355 1569 3416 patre,

714 3430 808 3485 filii
836 3430 1092 3486 nolentes
1119 3449 1244 3486 cum
1283 3434 1568 3504 superstite

715 3521 770 3574 in
810 3522 1092 3575 communi
1137 3522 1348 3588 vivere,
1407 3540 1569 3596 quam

717 3622 924 3682 partem
944 3611 1215 3666 bonorum
1236 3623 1418 3683 petere
1442 3630 1572 3685 pos-

718 3699 827 3754 sint
857 3736 1580 3760 .........

572 3791 622 3843 7.
663 3783 904 3852 Quando
944 3799 1096 3859 pater
1121 3788 1209 3843 vel
1235 3801 1408 3845 mater
1444 3808 1570 3845 cum

712 3878 876 3932 tercia
902 3894 999 3932 sua
1024 3878 1214 3932 transit
1239 3879 1304 3932 ad
1330 3880 1569 3935 secunda

711 3978 851 4034 vota,
891 3967 1174 4039 quomodo
1207 3967 1304 4022 filii
1331 3970 1487 4041 primi
1515 3980 1568 4023 et

712 4055 938 4112 secundi
987 4057 1318 4112 matrimonii
1373 4075 1567 4113 succe-

714 4145 847 4200 dant
882 4146 936 4200 in
966 4146 1078 4200 eius
1105 4147 1269 4201 tercia
1295 4164 1571 4219 praemor-

710 4235 787 4289 tui
825 4235 890 4289 ab
927 4235 1184 4290 intestato
1196 4272 1564 4291 .....

567 4325 620 4381 8.
657 4323 820 4379 Unde
841 4323 1104 4379 solvenda
1124 4324 1231 4378 sint
1250 4324 1428 4380 debita
1453 4326 1567 4380 eius

712 4414 802 4485 qui
860 4412 927 4468 de
978 4414 1154 4485 primo
1213 4424 1267 4467 et
1320 4415 1565 4468 secundo

711 4502 1060 4556 matrimonio
1098 4501 1244 4557 filios
1282 4504 1561 4575 suscepit.

567 4595 620 4651 9.
658 4590 796 4645 ΡίΙίο
835 4590 1112 4657 defuncte,
1142 4604 1290 4664 patre
1319 4604 1374 4646 et
1398 4604 1568 4647 matre

710 4679 1013 4738 viventibus
1034 4718 1050 4745 ‚
1101 4680 1187 4735 cui
1243 4680 1399 4735 cedat
1452 4681 1566 4736 eius

1665 3722 1691 3753 ))

1785 2717 1852 2773 ivi

1783 2987 1856 3041 ivi

1785 3254 1853 3308 ivi

1785 3703 1854 3756 ivi

1783 4503 1855 4558 ivi

2107 1552 2320 1624 portio,
2358 1563 2412 1607 et
2461 1570 2529 1607 eo
2585 1571 2715 1608 casu
2769 1553 2960 1611 subse·-

2059 1699 2063 1707 ,
2108 1653 2307 1713 quente
2361 1652 2537 1696 morte
2583 1643 2744 1713 patris
2763 1683 2779 1709 ,
2831 1636 2958 1713 quid

2105 1730 2231 1786 iuris
2266 1730 2465 1788 habeat
2499 1749 2636 1789 tuor
2687 1733 2744 1787 in
2798 1733 2958 1787 bonis

2106 1821 2282 1877 mariti
2337 1857 2978 1880 ........
3011 1839 3137 1896 pag.

1964 1911 2043 1970 10.
2073 1910 2237 1967 Pare
2273 1910 2362 1967 vel
2399 1921 2571 1966 matre
2598 1921 2961 1984 praemortua,

2104 1998 2227 2055 filiis
2266 2017 2392 2055 cum
2436 2000 2724 2075 superstite
2778 2018 2960 2055 rema-

2106 2088 2359 2145 nentibus
2408 2102 2464 2145 et
2508 2091 2565 2144 in
2620 2090 2821 2144 minori
2871 2107 2965 2146 ae-

2105 2188 2214 2233 tate
2249 2178 2339 2234 vel
2380 2179 2447 2233 ab
2496 2180 2754 2236 intestato
2809 2197 2963 2253 prae-

2105 2268 2348 2333 mortuis,
2388 2269 2456 2323 ad
2508 2286 2672 2341 quem
2715 2280 2963 2343 spectent

2105 2354 2251 2411 bona
2288 2373 2479 2412 eorum
2505 2396 2965 2419 ......
3050 2378 3079 2411 ο

1962 2446 2020 2500 11.
2057 2444 2420 2502 Praemortuis
2440 2458 2590 2519 patre
2606 2458 2663 2502 et
2686 2459 2874 2513 matre,
2901 2449 2963 2504 fi-

2104 2534 2190 2590 liis
2204 2546 2397 2609 postea
2416 2536 2702 2601 defunctis,
2718 2537 2786 2592 ad
2802 2555 2964 2610 quem

2105 2623 2250 2680 bona
2288 2641 2480 2680 eorum
2518 2627 2856 2698 pertineant.
2939 2674 2953 2687 ,
3047 2647 3078 2680 1·

1965 2715 2041 2769 12.
2077 2712 2210 2769 Viro
2265 2712 2353 2769 vel
2404 2732 2569 2770 uxore
2618 2729 2962 2788 praemortua

2105 2820 2221 2858 non
2281 2805 2424 2859 natis
2482 2798 2607 2860 filiis
2670 2805 2738 2860 ad
2800 2823 2962 2878 quem

2105 2892 2252 2947 bona
2289 2892 2531 2948 defuncti
2568 2894 2873 2967 pertineant
2942 2932 2959 2948 .
3047 2914 3074 2947 a>

1964 2983 2041 3038 13.
2074 2980 2162 3037 De
2196 3000 2253 3038 re
2290 2982 2468 3039 stabili
2493 2983 2664 3039 dotali
2699 3001 2814 3039 non
2840 2983 2966 3039 alie·

2110 3071 2290 3127 nanda
2322 3109 2956 3134 ........
3045 3094 3072 3126 n

1965 3164 2036 3218 14.
2076 3161 2162 3215 De
2222 3162 2350 3216 dote
2404 3161 2680 3217 reddenda
2704 3203 2720 3229 ,
2778 3175 2832 3217 et
2893 3162 2961 3218 de

2105 3251 2354 3322 expensis
2394 3269 2425 3305 a
2462 3252 2580 3305 viro
2617 3250 2771 3307 factis
2808 3253 2864 3305 in
2901 3269 2959 3307 re

2103 3339 2271 3395 dotali
2316 3377 2952 3396 ........
3048 3362 3075 3394 n

1966 3433 2039 3487 15.
2075 3429 2207 3484 Viro
2246 3441 2299 3484 et
2337 3448 2502 3485 uxore
2528 3432 2646 3485 sine
2667 3430 2825 3485 bonis
2854 3448 2963 3485 ma-

2104 3520 2421 3574 trimonium
2494 3520 2956 3586 contrahentibuS‚

2107 3609 2233 3682 quid
2269 3610 2397 3663 iuris
2435 3609 2504 3664 sit
2541 3609 2609 3664 de
2652 3610 2810 3665 bonis
2867 3626 2963 3665 eo-

2106 3716 2225 3753 rum
2264 3708 2455 3770 postea
2494 3698 2749 3771 quaesitis
2772 3741 2785 3754 .
2861 3746 2873 3758 .
2947 3737 2963 3752 .
3058 3721 3085 3752 »

1967 3792 2040 3845 lo.
2078 3787 2323 3853 Quando
2349 3787 2543 3842 mulier
2567 3786 2808 3843 filiorum
2834 3806 2964 3843 suo·

2104 3896 2226 3932 rum
2262 3877 2488 3933 tutelam
2546 3895 2731 3949 gerere
2781 3888 2962 3950 potest

2107 3978 2161 4020 et
2216 3966 2283 4020 de
2340 3966 2607 4020 tutoribus
2665 3965 2961 4020 minoribus

2107 4054 2297 4110 dandis
2319 4092 2956 4110 ........
3053 4076 3080 4107 υ

1965 4148 2039 4203 17.
2076 4144 2237 4219 Apud
2278 4162 2441 4218 quern
2479 4147 2718 4200 minores
2748 4145 2963 4200 educari

2106 4232 2338 4290 debeant
2410 4272 2954 4292 .......
3055 4254 3083 4286 n

1963 4326 2034 4383 18.
2074 4324 2159 4379 De
2197 4324 2356 4379 rebus
2395 4325 2687 4391 minorum,
2709 4336 2765 4379 et
2789 4326 2962 4380 maio·

2103 4431 2224 4468 rum
2250 4414 2556 4469 absentium
2594 4414 2711 4468 sine
2739 4413 2960 4469 decreto

2106 4503 2281 4557 curiae
2318 4519 2433 4557 non
2473 4502 2770 4557 alienandis
2854 4543 2867 4557 .
2942 4544 2956 4558 .
3055 4526 3082 4556 »

1965 4595 2039 4648 19.
2079 4592 2320 4658 Quando
2358 4593 2539 4646 minor
2562 4592 2743 4647 testari
2770 4593 2960 4664 possit,

2103 4695 2158 4738 et
2195 4680 2414 4756 quando
2471 4682 2645 4736 maior
2702 4680 2963 4738 efficiatur

3215 1839 3254 1895 9

3187 2375 3259 2415 10

3180 2627 3258 2681 ivi

3181 2896 3260 2950 ivi

3186 3092 3250 3130 11

3179 3344 3256 3399 ivi

3180 3700 3258 3755 ivi

3181 4058 3258 4111 ivi

3179 4237 3255 4290 ivi

3183 4520 3246 4559 12
