3534 5450
557 970 582 1021 5

1836 452 1913 469 ...
1953 421 1992 481 4
2036 454 2110 467 ....

638 539 738 602 cio
784 550 847 601 et
892 532 1195 601 obtestor.
1231 533 1532 600 Conferte
1562 533 1748 600 simul
1781 535 2035 623 antiqua
2068 558 2215 602 cum
2247 537 2639 605 recentibus:
2688 556 2749 605 et
2781 538 2831 603 si
2865 536 3025 605 bene
3055 536 3314 604 fecerim

640 642 755 729 ipsi
803 662 1028 706 omnes
1074 639 1281 706 videte
1324 639 1402 705 ad
1448 663 1610 728 quos
1655 658 1895 727 spectat
1938 659 2002 707 et
2044 642 2270 728 quibus
2317 660 2412 709 est
2463 643 2834 711 intellectuS.
2916 642 3113 712 Orsus
3173 665 3312 709 sum

641 751 706 813 in
751 767 987 812 summa
1031 745 1100 813 de
1145 746 1318 812 bonis
1354 758 1680 836 parentum
1728 759 1782 814 et
1814 748 2095 838 partibus
2143 751 2409 838 ipsorum
2441 753 2605 816 natis
2616 749 2781 837 filiis
2815 753 2882 817 in
2919 753 3051 817 vita
3081 772 3312 818 eorum.

643 853 811 919 Mox
855 852 926 920 de
960 855 1239 942 portione
1279 857 1479 942 patris
1521 853 1616 920 vel
1661 856 1876 920 matris
1920 859 2406 945 praemorientis.
2481 856 2648 922 Exin
2715 856 2785 922 de
2847 860 3120 946 portione
3148 856 3313 944 filii,

642 970 851 1048 quarto
895 956 965 1025 de
1008 958 1200 1024 soluto
1250 960 1632 1041 matrimonio
1681 981 1804 1025 non
1849 964 2013 1026 natis
2041 960 2224 1048 filiis.
2280 962 2442 1028 Dein
2487 962 2556 1028 de
2601 965 2737 1030 viro
2801 975 2855 1029 et
2922 985 3108 1030 uxore
3174 966 3316 1030 sine

637 1064 892 1148 dotibus,
928 1075 1135 1153 postea
1179 1063 1248 1130 de
1295 1065 1629 1130 minoribus
1676 1078 2009 1133 tractatur:
2056 1066 2125 1133 de
2171 1068 2385 1156 quibus
2430 1082 2616 1158 supra
2663 1071 2881 1135 mentio
2939 1067 3131 1150 fiebat.
3205 1071 3315 1137 Si-

640 1170 865 1236 militer
893 1169 962 1236 de
1008 1169 2127 1255 exhaeredationibus‚.successionibus
2173 1173 2720 1241 etdivisionibus:
2767 1197 2901 1241 cum
2963 1176 3193 1265 pluries
3242 1176 3313 1240 in

629 1275 1110 1365 praecedentibus
1155 1276 1436 1365 capitulis
1480 1277 1547 1343 de
1593 1283 1954 1344 testamentis
2007 1292 2319 1366 ageretur,
2380 1283 2694 1348 successive
2763 1281 2832 1347 de
2888 1280 3312 1348 contractibus.

642 1383 800 1448 Mox
841 1381 912 1447 de
955 1383 1205 1448 iudiciis
1248 1395 1300 1449 et
1345 1383 1783 1450 executionibus
1830 1387 2273 1452 sententiarum.
2330 1386 2492 1452 Dein
2539 1387 2608 1452 de
2660 1386 3179 1477 appellationibus.
3229 1388 3314 1453 Et

519 1499 586 1537 10
636 1501 1050 1577 consequenter
1092 1488 1161 1554 de
1205 1489 1432 1556 delictis
1477 1502 1673 1556 actum
1721 1502 1823 1559 est.
1886 1493 2188 1557 Postremo
2223 1513 2409 1559 novae
2439 1495 2886 1559 constitutiones
2911 1495 3139 1582 positae
3167 1506 3315 1560 sunt

521 2031 581 2084 15

518 2565 587 2603 20

518 3096 582 3149 25

522 3629 589 3683 30

526 4164 585 4220 35

525 4694 596 4748 40

636 1592 955 1660 secundum
1000 1595 1155 1683 quod
1193 1596 1397 1684 primo
1446 1595 1638 1662 indice
1685 1596 2016 1664 indicatum
2062 1609 2163 1664 est.
2212 1598 2547 1665 Rationem
2593 1599 2986 1686 singulorum
3018 1598 3312 1665 locorum

638 1701 1032 1769 conscribere
1078 1702 1341 1790 longum
1389 1722 1590 1770 esset:
1641 1725 1787 1769 cum
1835 1705 2030 1770 cuivis
2079 1704 2239 1770 bene
2284 1706 2552 1771 intuenti
2599 1707 2747 1772 satis
2805 1704 3037 1794 ubique
3082 1723 3312 1793 pateat.

639 1810 974 1876 Caeterum
1019 1811 1070 1876 si
1103 1810 1345 1898 singula
1378 1813 1576 1898 capita
1609 1829 1678 1877 ut
1708 1830 1858 1877 sunt
1888 1832 2175 1877 connexa
2208 1811 2367 1877 bene
2416 1812 2885 1898 perspexeritis:
2936 1835 3069 1879 non
3099 1811 3310 1878 solum

638 1916 810 2003 quod
856 1915 970 1982 feci
1018 1938 1147 1982 non
1199 1917 1665 2004 vituperabiti8‚
1713 1917 1821 1984 sed
1888 1939 2138 1984 summa
2197 1917 2376 1983 laude
2446 1917 2646 2003 palam
2696 1917 3021 1986 extolletis
3071 1917 3312 1983 Verum

641 2048 772 2091 non
822 2023 1275 2090 admiraminor
1319 2027 1377 2091 si
1420 2025 1576 2114 quod
1622 2028 1688 2092 in
1719 2025 2156 2092 desuetudinem
2188 2024 2402 2092 abierit
2433 2037 2823 2092 correctumve
2865 2023 3053 2109 fuerit
3097 2037 3163 2090 ut
3206 2047 3312 2090 su-

630 2132 928 2222 perfluum
973 2130 1306 2200 deleve-rim.
1377 2132 1538 2198 Nam
1608 2131 1750 2198 licet
1818 2154 2041 2198 omnes
2110 2131 2373 2198 delectet
2442 2134 2817 2219 antiquita33
2880 2130 3313 2198 delectabilior

640 2259 853 2305 tamen
898 2256 994 2305 est
1040 2238 1327 2308 brevitas,
1377 2241 1550 2320 Quid
1599 2240 1769 2305 enim
1815 2239 1886 2305 de
1929 2241 2247 2308 veterrima
2297 2238 2409 2305 illa
2448 2240 2917 2328 praescriptione
2977 2261 3095 2305 nos
3155 2240 3315 2304 scire

639 2348 945 2434 oportet?
989 2348 1038 2412 si
1087 2348 1456 2413 constitutio
1524 2347 1742 2413 duram
1806 2346 2199 2435 imperatoris
2268 2345 2573 2412 Frederici
2622 2368 2758 2410 eam
2817 2346 3063 2432 penitus
3133 2346 3317 2412 iussit

640 2453 907 2534 aboleri;
955 2454 1102 2541 quid
1150 2452 1218 2518 de
1264 2453 1617 2539 confectione
1662 2467 1713 2520 et
1756 2454 2209 2541 subsignatione
2252 2455 2708 2520 contractuum?
2754 2452 2803 2518 si
2850 2452 3021 2539 quod
3068 2451 3145 2518 de
3211 2454 3313 2518 his

640 2560 939 2646 reperitur
985 2559 1175 2625 hodie
1224 2564 1426 2625 cuncti
1479 2561 1880 2646 ignoramus:
1931 2579 1992 2626 et
2046 2582 2084 2625 a
2153 2560 2366 2628 scribis
2432 2560 2729 2649 (quorum
2777 2578 2872 2625 est
2919 2560 3109 2649 onus)
3153 2582 3318 2626 secus

641 2664 1011 2748 observatur,·
1058 2665 1204 2754 quid
1254 2665 1332 2733 de
1394 2666 1689 2752 orthagiis
1715 2669 1746 2733 ?
1793 2668 1843 2732 si
1892 2667 2022 2733 eius
2057 2667 2304 2754 capituli
2338 2691 2486 2734 usus
2522 2666 2727 2733 nullus
2763 2667 2927 2753 apud
2962 2690 3079 2734 nos
3110 2654 3313 2735 eistat:

642 2792 704 2838 et
751 2795 963 2840 nomen
1009 2796 1232 2862 quoque
1278 2776 1402 2839 eius
1448 2774 1686 2861 difficile
1724 2777 1851 2858 juit
1896 2776 2123 2840 cunctis
2153 2777 2508 2856 vaticinam}
2539 2775 2687 2862 quid
2724 2797 2892 2840 nuuc
2924 2776 2994 2842 de
3028 2775 3315 2842 iudaeis?

641 2881 691 2944 si
742 2902 964 2945 omnes
1013 2881 1339 2947 universali
1389 2903 1457 2946 ac
1506 2883 1675 2967 regio
1722 2881 1930 2948 edicto
1982 2881 2057 2948 de
2105 2900 2243 2948 toto
2312 2904 2506 2967 regno
2576 2882 2810 2969 expulsi
2875 2904 2945 2948 ac
3002 2882 3317 2970 profugati

642 2990 826 3053 fuere:
855 3005 916 3053 et
941 3009 1059 3052 nos
1085 2987 1339 3074 quidem
1365 2988 1632 3054 vidimus
1660 2987 1813 3053 alios
1838 3011 2058 3053 eorum
2086 2989 2443 3054 catervatim
2469 3008 2530 3055 et
2555 2990 2826 3055 navatim
2844 2989 2941 3078 (ut
2964 2992 3046 3057 ita
3069 2990 3320 3078 loquat)

642 3093 718 3159 ad
768 3114 909 3159 oras
957 3091 1293 3179 confugere
1341 3093 1772 3160 Calabrorum:
1820 3094 1973 3160 alios
2022 3096 2210 3161 etiam
2256 3094 2376 3159 alio
2425 3117 2570 3161 cum
2619 3115 2748 3162 tota
2799 3119 3018 3161 eorum
3056 3096 3316 3184 perfidia

644 3199 1077 3282 transfretare,
1127 3222 1259 3265 non
1323 3199 1631 3266 redituros
1679 3222 1975 3287 unquam.
2051 3200 2225 3280 Quid
2295 3201 2345 3264 si
2416 3221 2640 3267 cuncta
2711 3201 2941 3268 sciendi
3012 3202 3318 3289 cupiditas

642 3309 960 3375 eveniret:
1010 3326 1115 3374 aut
1161 3307 1531 3373 memoriam
1583 3306 1899 3372 bonorum
1949 3308 2394 3395 acquisitorum
2444 3309 2894 3390 amitteremus,
2926 3327 3318 3397 auttempus

645 3438 677 3479 a
728 3413 911 3480 nobis
957 3415 1093 3480 sine
1138 3414 1398 3480 utilitate
1446 3431 1944 3479 consumeretur.
1997 3414 2313 3480 Praeterea
2361 3412 2513 3480 nolo
2561 3414 2675 3479 sub
2709 3413 2957 3481 silentio
2992 3419 3320 3503 praeterire

645 3519 815 3607 quod
867 3509 1079 3585 'motus
1126 3521 1367 3585 ratione
1417 3519 1757 3605 capitulum
1805 3519 1873 3585 de
1904 3518 2387 3586 exhaeredatione
2421 3520 2742 3586 liberorum
2774 3521 2835 3585 in
2872 3543 3016 3586 eum
3052 3521 3316 3587 modum

646 3622 973 3698 reformare
1019 3647 1204 3690 ausus
1253 3623 1515 3704 fuerim;
1566 3646 1711 3688 cum
1763 3642 1906 3712 post
1954 3624 2215 3689 verbum
2265 3648 2297 3690 a
2346 3628 2617 3713 paternis
2652 3627 3023 3714 sequebatur
3057 3627 3151 3692 vel
3186 3650 3318 3692 ma·

647 3734 859 3815 ternis,
906 3748 968 3797 et
1015 3749 1159 3819 post
1207 3731 1462 3797 verbum
1513 3755 1545 3796 a
1591 3752 1764 3820 patre
1811 3732 2183 3818 sequebatur
2230 3731 2326 3798 vel
2373 3755 2406 3797 a
2459 3750 2673 3814 matre,
2735 3755 2892 3820 quae
2942 3733 3128 3798 verba
3176 3756 3319 3799 reor

647 3860 779 3904 non
825 3839 929 3925 qui
977 3860 1113 3903 eam
1162 3839 1554 3904 sanctionem
1588 3839 1768 3925 primi
1803 3840 2295 3905 constituerunt:
2343 3837 2451 3904 sed
2488 3839 2704 3926 aliquis
2736 3840 2944 3926 legum
2980 3841 3317 3907 tirunculus

645 3944 1024 4012 interseruit.
1080 3945 1245 4010 Nam
1300 3944 1444 4011 licet
1505 3948 1716 4010 matris
1789 3947 2139 4032 praeteritio
2210 3968 2324 4033 pro
2393 3945 2910 4012 exhaeredatione
2977 3946 3318 4015 habeatur:

649 4070 860 4119 tamen
909 4067 1211 4117 statutum
1260 4074 1391 4117 non
1441 4050 1519 4116 de
1565 4051 2082 4117 exhaeredatione
2128 4051 2440 4139 loquitur:
2493 4052 2601 4117 sed
2658 4053 2735 4116 de
2789 4053 2989 4120 causis
3024 4075 3134 4140 per
3165 4076 3320 4140 quas

647 4157 1083 4225 exhaeredatio
1132 4157 1259 4223 fieri
1310 4160 1549 4246 possit:
1599 4180 1758 4244 quae
1807 4159 1867 4222 in
1919 4159 2129 4223 matris
2202 4159 2639 4246 praeteritione
2703 4181 2833 4224 non
2902 4158 3318 4245 requiruntur.

646 4263 734 4330 Ea
781 4282 1035 4352 propter
1078 4284 1209 4329 non
1260 4263 1334 4328 ab
1385 4285 1448 4328 re
1495 4264 1646 4329 duxi
1680 4264 1791 4329 illa
1824 4263 2004 4329 verba
2039 4264 2175 4330 inde
2204 4265 2445 4330 evellere
2478 4276 2528 4330 et
2561 4285 2688 4329 eam
2716 4263 3048 4330 clausulam
3080 4263 3323 4330 subdere

647 4370 880 4436 scilicet
929 4370 1128 4437 Mater
1174 4392 1324 4435 vero
1372 4391 1490 4436 ete.
1538 4370 1687 4436 Non
1737 4370 2002 4435 deerunt
2045 4369 2229 4458 (scio)
2280 4372 2383 4458 qui
2457 4393 2556 4435 me
2626 4389 2693 4435 ut
2755 4370 2949 4435 nimis
3019 4369 3320 4435 audacem

649 4472 1077 4561 increpabunt,
1127 4474 1493 4558 mordebunt,
1538 4475 1914 4541 damnabunt
1957 4492 2018 4540 et
2059 4477 2237 4541 omni
2288 4498 2389 4540 me
2450 4476 2711 4562 dignum
2782 4474 3087 4562 supplicio
3158 4473 3321 4540 affir-

651 4582 931 4648 mabunt.
980 4581 1100 4646 Sed
1147 4604 1337 4668 quem
1386 4582 1624 4647 timebo
1673 4584 1722 4647 si
1780 4582 2100 4648 audaciam
2177 4605 2379 4646 meam
2443 4584 2712 4648 rationes
2786 4581 3030 4648 velant:
3095 4600 3158 4648 et
3205 4603 3320 4647 vos

649 4688 874 4776 optimi
923 4687 1196 4775 collegae
1240 4689 1335 4777 (ut
1382 4708 1620 4754 vestrae
1668 4690 2070 4755 humanitatis
2117 4690 2235 4778 est)
2282 4692 2401 4755 mei
2438 4709 2825 4776 protectores
2874 4711 3009 4755 esse
3055 4711 3190 4756 non
3221 4687 3327 4755 de·

649 4792 1108 4881 dignabimini?
1154 4794 1355 4861 Vobis
1405 4817 1506 4860 me
1550 4794 1957 4864 commendo,
2009 4795 2247 4864 Valete.
