3534 5450
328 775 384 815 Τ.
402 758 505 814 Α.6

438 1569 507 1609 10

333 1728 503 1784 T.A.7

333 2154 500 2194 ·1·.A.1

442 2260 502 2313 15

443 2900 512 2938 20

338 3007 393 3046 T.
406 3008 461 3047 A.
480 3009 501 3046 1

441 3433 506 3486 25

341 3951 513 4006 T.A.8

1752 318 2028 377 ...8-

735 491 799 555 2.
848 491 1035 554 Pater
1064 492 1130 554 et
1159 491 1361 553 mater
1405 489 1683 553 viventes
1728 489 1876 570 quid
1924 491 2166 570 possint
2209 492 2374 555 fliiae
2422 491 2678 556 nubenti
2709 491 2805 554 vei
2849 490 2976 554 fliio
3022 506 3251 553 eman-

561 597 771 676 eipato
817 594 897 657 de
946 595 1122 659 bonis
1169 595 1300 658 suis
1346 595 1516 671 dare,
1563 600 1627 659 et
1673 612 1816 659 cum
1865 596 2090 676 quibus
2135 596 2488 661 dividantur
2534 597 2692 661 bona
2738 597 3140 660 remanentia.

737 752 916 818 Pater
963 770 1026 818 et
1068 768 1267 818 mater
1336 752 1615 817 viventes
1662 753 1712 816 si
1761 752 2075 820 voluerint
2143 754 2333 820 filiam
2383 756 2517 819 viro
2568 752 2849 837 tradere,
2892 752 3075 818 liceat
3134 752 3241 816 eis

559 856 705 922 dare
749 858 814 922 in
862 856 1079 924 dotem
1112 857 1191 923 de
1222 857 1403 923 bonis
1449 858 1576 922 suis
1626 880 1740 944 pro
1788 857 1945 923 velle
1991 882 2235 927 eorum.
2282 858 2348 924 Si
2379 881 2530 926 vero
2580 859 2780 926 filium
2832 857 3240 945 emancipare

561 962 916 1044 voluerint,
964 962 1042 1028 de
1092 963 1278 1030 tercia
1322 984 1545 1028 eorum
1592 964 1840 1050 possint
1885 965 1940 1029 ei
1994 987 2110 1053 pro
2158 965 2316 1054 velle
2384 987 2506 1030 suo
2552 965 2733 1048 dare,
2780 964 2937 1031 ultra
2989 980 3244 1051 partem

558 1068 676 1132 sibi
715 1069 1191 1154 contingentem
1239 1068 1318 1134 de
1364 1069 1571 1150 tercia,
1633 1091 1823 1156 quam
1874 1091 2019 1137 cum
2067 1071 2250 1136 tratre
2297 1072 2395 1136 vel
2439 1070 2726 1137 fratribus
2773 1068 3006 1136 habent
3047 1090 3243 1134 com-

562 1162 857 1269 munem}
906 1174 1080 1262 quod
1114 1175 1163 1240 si
1197 1197 1421 1241 omnes
1454 1172 1616 1239 filios
1651 1174 1747 1240 vel
1779 1173 1932 1241 filias
1965 1176 2513 1260 ioriamiliaverint,
2547 1193 2609 1243 et
2639 1194 2876 1264 partem
2908 1174 3239 1241 bonorum

560 1282 929 1369 acceperint,
978 1282 1142 1347 inter
1188 1299 1429 1368 patrem
1476 1298 1538 1346 et
1585 1297 1851 1345 matrem
1901 1280 2067 1346 bona
2114 1280 2346 1367 reliqua
2397 1280 2781 1348 dividuntur.

738 1447 802 1509 3.
851 1445 1037 1508 Patre
1077 1449 1140 1508 et
1187 1449 1387 1509 matre
1432 1443 1782 1507 viventibus
1826 1463 1900 1508 an
1947 1445 2357 1525 fliius·possit
2401 1444 2483 1508 de
2530 1444 2709 1508 bonis
2752 1461 2969 1509 eorum
3003 1443 3237 1524 aliquid

562 1554 807 1631 petere.

735 1708 1025 1795 Utroque
1070 1726 1324 1795 parente
1370 1708 1619 1773 vivente
1665 1706 1828 1772 filius
1874 1706 2062 1773 etiam
2108 1705 2305 1772 factus
2355 1706 2557 1772 maior
2594 1706 2672 1772 de
2704 1706 2888 1773 bonis
2936 1729 3226 1774 commu-

562 1814 745 1881 nibus
795 1815 1154 1902 portionem
1203 1834 1410 1902 petere
1457 1836 1587 1879 non
1639 1831 1868 1901 potest.
2537 1812 2546 1817 ”

743 1981 809 2046 4.
857 1978 1169 2042 Defuncto
1216 1983 1394 2059 patre
1440 1982 1505 2040 et
1550 1980 1749 2042 matre
1796 1978 1874 2042 ab
1923 1979 2218 2042 intestato
2263 1996 2408 2059 pars
2454 1980 2833 2059 praemortui
2879 1979 2979 2042 eui
3026 1978 3226 2041 cedat.

740 2136 1149 2201 Praemortuo
1221 2154 1392 2222 patre
1436 2133 1534 2199 vel
1580 2152 1778 2201 matre
1823 2133 1898 2200 ab
1945 2135 2283 2216 intestam,
2333 2133 2465 2200 filio
2513 2135 2607 2201 vei
2656 2133 2795 2199 filiis
2865 2134 3217 2202 viventibus

561 2262 709 2306 cum
757 2259 930 2328 patre
977 2238 1075 2305 vel
1122 2258 1319 2306 matre
1364 2241 1716 2327 superstite,
1749 2239 1935 2304 tercia
1983 2261 2120 2326 pars
2169 2240 2551 2326 praemortui
2597 2239 2759 2305 cedit
2805 2237 2964 2304 filiis.
3016 2239 3090 2305 Et
3134 2239 3219 2304 sic

563 2345 756 2412 iidem
803 2345 911 2411 filii
955 2345 1187 2413 habent
1231 2345 1383 2412 duas
1433 2347 1647 2411 tercias
1695 2364 1897 2432 partes
1942 2344 2265 2413 bonorum
2333 2368 2526 2412 unam
2580 2344 2852 2412 debitam
2907 2345 3024 2411 sibi
3092 2345 3219 2411 iure

563 2469 839 2534 naturae,
886 2450 1140 2517 alteram
1190 2451 1462 2537 parentis
1508 2451 1911 2537 praemortui.

739 2615 801 2677 5.
853 2613 1262 2676 praemortuo
1310 2617 1488 2693 patre
1533 2613 1629 2675 vei
1676 2616 1876 2676 matre
1903 2661 1918 2688 ,
1964 2612 2133 2677 facto
2179 2617 2596 2689 testamento,
2642 2614 2789 2694 quid
2836 2614 2987 2677 iuris
3030 2614 3111 2676 sit
3154 2612 3228 2675 de

565 2720 852 2802 portione
899 2718 1198 2785 defuncti.
2407 2726 2413 2734 '

766 2879 830 2944 Si
908 2900 1059 2945 vero
1132 2878 1584 2965 praemoriatur
1652 2895 1825 2964 pater
1892 2895 2150 2944 testatus
2184 2933 2199 2960 ,
2268 2879 2400 2944 eius
2468 2877 2731 2947 stabitur
2805 2894 3225 2959 testament0,

564 2985 921 3052 dummodo
967 2986 1030 3050 in
1078 2986 1304 3052 eodem
1340 3003 1718 3051 testamento
1764 2985 1842 3050 de
1892 2986 2079 3051 tercia
2123 3008 2234 3051 sua
2282 2988 2574 3072 portione
2597 2984 2765 3051 filios
2798 3002 3223 3070 recognoscat.

565 3091 689 3158 Sed
735 3093 788 3158 si
836 3110 1035 3159 mater
1083 3094 1534 3178 praemoriatur
1580 3109 1823 3175 testata,
1869 3111 2077 3179 potest
2137 3092 2215 3158 de
2278 3092 2612 3158 mobilibus
2662 3092 2873 3157 tertiae
2923 3091 3227 3178 portionis

564 3219 715 3263 suae
780 3221 893 3284 pro
964 3197 1121 3263 velle
1190 3199 1439 3278 testari3
1511 3196 1749 3264 stabilia
1821 3220 2015 3281 vero,
2086 3221 2156 3263 ea
2205 3216 2497 3279 mortua,
2545 3196 2777 3262 cedunt
2825 3194 2991 3263 filiis.
3055 3195 3132 3261 Et
3173 3195 3223 3259 si

566 3324 700 3368 non
753 3319 904 3369 sunt
947 3305 1004 3369 ei
1053 3302 1308 3370 mobilia
1344 3360 1360 3387 ‚
1408 3320 1615 3391 potest
1661 3304 1739 3369 de
1785 3302 2107 3370 stabilibus
2179 3304 2486 3391 portionis
2535 3325 2680 3369 suae
2727 3319 2974 3369 tantum
3037 3320 3227 3387 usque

565 3407 643 3475 ad
690 3409 1096 3475 medietatem
1142 3407 1370 3476 valoris
1416 3408 1764 3475 eorundem
1814 3409 2128 3475 stabilium
2176 3410 2336 3475 iuste
2382 3409 2825 3475 extimatorum
2892 3428 3010 3494 pro
3080 3404 3228 3472 velle

567 3531 800 3582 testarl.

745 3677 808 3741 6.
858 3678 1263 3741 praemortua
1297 3683 1496 3742 matre
1543 3680 1639 3741 vei
1686 3683 1863 3760 patre
1908 3678 2014 3741 fiiii
2063 3678 2346 3742 nolentes
2390 3695 2531 3741 eum
2580 3677 2919 3757 superstite
2967 3676 3025 3740 in
3073 3689 3234 3740 oom-

567 3782 738 3847 muni
784 3783 1016 3859 vivere,
1061 3801 1246 3864 quam
1294 3789 1533 3865 partem
1585 3784 1885 3848 bonorum
1933 3788 2150 3884 petere
2195 3784 2454 3865 possint.

745 3940 809 4006 Si
856 3958 1110 4007 mortua
1156 3959 1377 4024 matre,
1412 3941 1572 4007 filius
1606 3942 1807 4007 maior
1853 3939 2070 4024 factm,
2104 3940 2374 4007 noluerit
2405 3941 2470 4006 in
2505 3939 2728 4005 familia
2764 3937 2950 4025 patris
2986 3958 3228 4004 manere

449 4072 519 4127 30
567 4047 677 4114 sed
727 4069 836 4134 per
880 4068 947 4111 se
996 4047 1203 4113 vivere
1237 4047 1524 4130 voluerit,
1550 4067 1721 4136 patre
1756 4046 2011 4113 nolente
2043 4048 2096 4111 ei
2131 4069 2245 4134 pro
2280 4069 2464 4134 posse
2495 4045 2757 4112 fideliter
2787 4043 3226 4125 administrare,

569 4176 704 4219 non
750 4153 997 4239 cogitur
1041 4170 1216 4241 pater
1264 4152 1347 4219 illi
1395 4152 1540 4218 dare
1586 4153 1701 4218 nisi
1752 4154 2004 4220 terciam
2075 4171 2320 4219 tantum
2367 4176 2398 4217 a
2449 4169 2644 4217 matre
2714 4168 3109 4238 praemortua
3176 4150 3227 4215 ei

573 4259 1071 4346 provenientem.
1140 4257 1466 4345 Reliquam
1541 4259 1792 4325 terciam
1864 4257 2068 4325 eidem
2141 4257 2268 4324 filio
2338 4280 2456 4323 suo
2528 4259 2658 4332 iure
2726 4255 2998 4323 debitam
3067 4272 3227 4344 pater

722 4518 780 4571 13
821 4502 909 4558 vel
947 4515 1117 4559 matre
1155 4503 1418 4571 CARIDDI,
1459 4505 1700 4570 GmRBA,
1739 4505 2026 4561 HARTwm
2063 4522 2092 4559 e
2129 4505 2487 4578 Bnuunsscxl
2522 4520 2589 4574 30
2625 4516 2777 4579 patre
2829 4503 3052 4560 volente
3102 4520 3224 4565 corr.

575 4591 905 4647 BRUNNECK.
