3534 5450
328 651 534 704 ’LA-25

482 2133 544 2188 15

481 2664 551 2703 20

485 3192 553 3247 25

493 3773 562 3828 30

352 3934 473 3973 T.A.
494 3916 561 3986 36

500 4359 559 4412 35

1766 298 2084 360 ...16-

770 451 878 514 39.
928 451 1023 514 De
1067 451 1480 516 contumacia.

770 606 932 673 Data
979 605 1158 674 alicui
1207 608 1612 695 possessione
1655 609 1745 675 rei
1776 607 1855 675 de
1878 632 2000 697 qua
2030 610 2251 701 agitur,
2282 633 2393 699 per
2423 611 2889 678 contumaciam
2924 610 3265 677 adversarii

593 733 780 779 causa
827 713 915 779 rei
963 714 1328 798 servandae,
1352 716 1483 782 sive
1513 732 1659 782 ante
1689 716 2219 783 contestationem
2251 717 2385 784 sive
2415 732 2561 805 post
2591 716 2762 783 litem
2806 732 3225 783 contestatam
3254 735 3271 777 :

552 819 647 907 ‘si
695 816 852 885 infra
898 818 1029 884 dies
1076 821 1526 908 quinquaginta
1572 839 1919 888 contumax
1962 844 2029 888 se
2075 821 2306 906 judicio
2354 822 2869 910 praesentaverit,
2914 821 3054 888 data
3111 820 3275 887 fide-

593 925 862 1010 jussoria
908 926 1200 991 cautione
1228 926 1487 993 sistendi
1517 927 1583 992 in
1614 926 1847 1013 judicio
1880 946 2091 996 actore
2121 931 2311 995 citato
2344 948 2406 995 et
2437 946 2758 1016 praesente
2795 927 3273 1017 possessionem

595 1048 943 1121 recuperat.
992 1031 1437 1098 perseverante
1484 1055 1634 1101 vero
1678 1035 1744 1099 in
1790 1035 2188 1101 contumacia
2256 1035 2414 1101 ultra
2460 1033 2627 1099 diem
2674 1035 3276 1122 quinquagesimum

595 1139 916 1226 possessio
964 1137 1129 1225 apud
1177 1160 1325 1205 eum
1371 1140 1472 1206 cui
1518 1139 1659 1207 data
1706 1159 1803 1207 est
1845 1139 2207 1207 remanebit.

776 1304 888 1365 40.
936 1301 1211 1384 Qualiter
1256 1298 1575 1367 debitores
1619 1307 1765 1367 sunt
1811 1303 1887 1368 ad
1934 1305 2304 1368 solutionem
2352 1303 2637 1384 eogendi.

776 1459 1076 1528 Debitore
1119 1461 1196 1528 ad
1241 1461 1628 1529 solutionem
1674 1461 2126 1547 condemnato,
2170 1464 2247 1530 de
2296 1462 2634 1530 mobilibus
2680 1463 2812 1528 eius
2868 1460 2965 1525 vel
3009 1483 3078 1526 se
3126 1484 3275 1527 mo-

600 1568 891 1636 ventibus
937 1570 990 1634 si
1035 1587 1464 1656 compareant,
1510 1571 1678 1657 prius
1724 1569 2230 1637 satisfaciendum
2292 1588 2389 1637 est
2454 1569 2791 1657 creditori3
2836 1567 3063 1655 quibus
3131 1589 3274 1633 non

598 1672 1129 1759 comparentibuS,
1179 1673 1274 1739 vel
1319 1673 1780 1740 fideiussoriam
1824 1676 2183 1741 cautionem
2231 1674 2565 1763 praestabit
2594 1673 2672 1740 de
2702 1673 3033 1754 solvendo,
3064 1672 3165 1739 vel
3195 1673 3267 1738 in

600 1801 913 1845 carcerem
961 1778 1329 1847 detrudetur
1373 1802 1570 1868 usque
1615 1779 1691 1846 ad
1740 1781 1866 1846 XV
1910 1780 2042 1847 dies
2089 1781 2172 1847 ibi
2216 1780 2549 1865 detentuS,
2603 1799 2674 1848 ut
2741 1780 2947 1847 taedio
3005 1781 3276 1845 carceris

598 1885 854 1953 affectus
898 1887 976 1976 (si
1019 1907 1170 1953 sunt
1215 1888 1272 1952 ei
1319 1886 1598 1976 mobilia)
1643 1887 1848 1954 solvat
1891 1888 2062 1976 quod
2112 1888 2313 1956 debet.
2348 1889 2502 1954 Post
2531 1887 2657 1953 XV
2690 1909 2837 1953 vero
2871 1887 3002 1954 dies
3036 1886 3271 1954 eodem

598 1992 850 2060 dicente
894 2016 961 2060 se
1007 1992 1268 2059 mobilia
1315 2015 1445 2059 non
1493 1993 1742 2078 habere,
1791 1995 1924 2059 eius
1970 1993 2232 2061 stabitur
2289 1995 2669 2061 iuramento,
2729 1993 3046 2060 Debitoris
3116 2015 3275 2060 vero

598 2099 675 2187 ad
720 2099 1109 2165 solutionem
1158 2098 1562 2166 condemnati
1608 2100 1793 2166 rebus
1839 2099 2160 2166 stabilibus
2207 2100 2745 2187 comparentibus,
2813 2121 2946 2164 non
2994 2097 3276 2165 inventis

599 2205 961 2289 mobilibus,
1007 2205 1276 2273 creditor
1322 2207 1387 2272 in
1433 2208 1899 2292 possessionem
1947 2230 2158 2273 earum
2205 2229 2413 2277 rerum
2447 2230 2556 2296 per
2586 2208 2817 2273 curiam
2852 2207 3121 2291 mittitur
3153 2228 3276 2294 pro

601 2335 896 2379 mensura
942 2312 1135 2378 debiti
1179 2310 1489 2394 declarati,
1536 2311 1813 2378 tenendo
1860 2334 2057 2399 usque
2103 2312 2178 2378 ad
2226 2335 2486 2395 annum,
2533 2310 2940 2401 pensionibus
2996 2310 3095 2375 vel
3125 2332 3278 2397 pro-

602 2418 892 2507 ventibus
938 2440 1101 2505 quos
1146 2416 1292 2484 inde
1340 2419 1679 2505 perceperit
1722 2421 1788 2485 in
1834 2419 2221 2485 solutionem
2268 2419 2455 2485 debiti
2503 2441 2637 2485 non
2684 2419 3089 2506 computatiS.
3121 2417 3282 2485 Post

603 2547 846 2591 annum
916 2546 1067 2591 vero
1115 2525 1166 2589 si
1214 2523 1505 2591 creditori
1552 2547 1584 2589 a
1632 2524 1916 2592 debitore
1962 2548 2095 2593 non
2164 2527 2347 2592 tuerit
2412 2525 2831 2608 satisfactum,
2890 2546 2989 2590 res
3059 2524 3273 2612 (cuius

604 2631 746 2698 data
792 2632 977 2698 fuerit
1021 2631 1371 2720 possessio)
1416 2631 1620 2697 eidem
1666 2632 1957 2699 creditori
2001 2633 2182 2699 datur
2226 2655 2335 2721 per
2379 2635 2614 2699 curiam
2663 2634 2726 2699 in
2772 2632 3078 2714 solutum,
3110 2631 3279 2695 cius-

605 2737 752 2804 dem
799 2740 885 2804 rei
933 2738 1144 2804 valore
1188 2739 1349 2805 iuste
1397 2740 1755 2823 aextimato,
1803 2760 1916 2826 pro
1966 2739 2157 2807 debiti
2203 2743 2566 2828 quantitate.
2600 2740 2862 2807 Debitor
2891 2740 3100 2827 quise
3128 2738 3281 2805 dicit

607 2841 868 2909 mobilia
913 2865 1048 2910 non
1095 2843 1344 2927 habere,
1391 2862 1455 2910 et
1499 2865 1614 2910 nec
1661 2846 1725 2909 in
1772 2867 1841 2911 se
1884 2845 2288 2913 moventibus
2335 2867 2450 2912 nec
2510 2848 2574 2912 in
2620 2845 2940 2912 stabilibus
3003 2860 3102 2912 est
3145 2843 3274 2912 sol-

605 2947 840 3033 vend0,
885 2948 1293 3036 quadraginta
1339 2967 1403 3015 et
1445 2951 1722 3038 quinque
1766 2948 1983 3016 diebus
2031 2951 2094 3016 in
2151 2973 2391 3018 carcere
2459 2951 2805 3036 detinetur,
2876 2950 3106 3038 quibus
3166 2950 3281 3016 de-

606 3056 825 3140 cursiS‚
855 3056 905 3120 si
931 3053 1212 3122 debitum
1246 3077 1380 3121 non
1412 3053 1671 3123 solverit
1695 3055 2022 3144 (praestito
2053 3057 2408 3124 iuramento
2439 3056 2610 3145 quod
2641 3057 2934 3145 quicquid
2959 3057 3282 3145 acquirere

608 3162 709 3229 vel
751 3162 977 3228 lucrari
1019 3164 1272 3251 poterit,
1309 3162 1593 3229 deductis
1625 3164 1912 3252 expensis
1942 3166 2104 3230 vitae
2134 3164 2515 3247 necessariiS,
2547 3164 2836 3230 creditori
2867 3186 2987 3229 suo
3020 3163 3285 3231 fideliter

608 3269 815 3337 solvet
859 3292 1058 3359 usque
1102 3270 1179 3337 ad
1226 3272 1535 3355 integram
1580 3270 1772 3336 debiti
1816 3270 2226 3360 solutionem)
2269 3294 2303 3336 a
2350 3293 2592 3337 carcere
2638 3270 2949 3337 liberatur.
3013 3269 3288 3336 Debitor

608 3401 762 3445 vero
809 3378 918 3465 qui
964 3399 1098 3443 non
1142 3377 1519 3443 imminente
1560 3375 1822 3444 fortuito
1866 3399 2010 3443 casu
2037 3432 2055 3461 ,
2100 3377 2211 3444 sed
2281 3401 2358 3444 ex
2400 3375 2615 3444 fraude
2682 3396 2745 3445 et
2809 3378 3026 3464 iniqua
3093 3398 3291 3443 causa

610 3485 859 3553 debitor
903 3503 1041 3568 est,
1088 3482 1328 3551 tamdiu
1370 3484 1437 3549 in
1497 3504 1742 3550 carcere
1808 3483 2162 3568 detinetur,
2229 3506 2564 3574 quousque
2627 3484 2843 3551 reddat
2911 3484 3288 3550 universum

612 3593 919 3660 debiturn.

792 3758 880 3820 41.
927 3756 1021 3818 De
1070 3749 1429 3837 pignoribus
1475 3753 1908 3818 distrahendis.

794 3913 886 3980 Re
934 3910 1152 3979 mobili
1199 3912 1297 3977 vel
1342 3934 1410 3977 se
1456 3929 1756 3979 movente
1803 3913 2049 3998 pignori
2095 3912 2387 3999 obligata,
2432 3914 2481 3978 si
2529 3914 2592 3977 in
2627 3914 2898 3978 termino
2931 3911 3314 3979 constituto*
3385 3913 3400 3952 ²

615 4019 901 4088 debitum
944 4018 1227 4085 solutum
1276 4040 1407 4084 non
1453 4019 1677 4102 fuerit,
1722 4017 2081 4106 quindecim
2143 4019 2388 4086 dierum
2455 4018 2720 4085 induciis
2788 4017 3055 4084 debitori
3128 4017 3330 4104 datis,
3373 4093 3380 4102 ⁸

614 4126 797 4216 (infra
842 4147 1002 4213 quos
1050 4125 1101 4190 si
1133 4126 1361 4211 pignus
1394 4147 1527 4190 non
1559 4124 1917 4213 redemerit)
1948 4124 2216 4192 creditor
2246 4146 2392 4190 cum
2425 4126 2791 4192 auctoritate
2821 4126 3029 4191 curiae
3060 4126 3291 4213 pignus

616 4232 769 4298 illud
816 4231 1085 4298 vendere
1131 4249 1337 4319 potest
1384 4254 1497 4319 pro
1545 4232 1734 4299 debiti
1782 4234 1876 4299 sui
1909 4233 2344 4300 satisfactione.
2380 4232 2441 4297 Si
2476 4255 2622 4297 vero
2655 4232 2938 4319 quaestio
2970 4231 3049 4296 de
3079 4254 3288 4318 quan-

616 4343 795 4407 titate
839 4339 1028 4406 debiti
1075 4341 1236 4406 inter
1279 4339 1630 4405 debitorem
1678 4358 1739 4406 et
1786 4339 2160 4406 creditorem
2209 4359 2346 4407 orta
2377 4340 2602 4407 fuerit:
2651 4361 2847 4426 usque
2879 4339 2956 4404 ad
3001 4339 3288 4425 pignoris

618 4445 898 4511 valorem
942 4464 1344 4512 sacramento
1392 4445 1713 4512 creditoris
1761 4446 2006 4532 pignori
2069 4444 2489 4511 incumbentis
2557 4462 2791 4512 statur:
2857 4444 2975 4509 nisi
3039 4441 3294 4509 debitor

622 4574 730 4639 per
778 4568 965 4618 testes
1012 4552 1395 4652 contrarium
1444 4552 1685 4641 probet.
1735 4553 1831 4619 De
1877 4550 2126 4619 residuo
2172 4552 2333 4638 jurat
2377 4550 2643 4638 debitor,
2690 4552 2810 4619 nisi
2868 4549 3139 4618 creditor
3197 4548 3291 4618 le-

620 4656 838 4745 gitime
883 4655 1126 4746 probet.
