3534 5450
517 550 780 618 civitatis
828 548 1113 616 eiusdem
1159 565 1228 615 ut
1273 546 1498 614 abinde
1545 548 1609 614 in
1657 564 1839 614 antea
1909 546 2177 614 debeant
2243 547 2567 635 registrare
2614 566 2676 615 et
2719 569 2955 637 ponere
3000 548 3219 615 series

515 656 1086 722 instrumentorum
1132 653 1424 720 omnium
1472 673 1579 740 per
1623 674 1732 719 eos
1779 650 2210 719 faciendorum
2257 653 2321 718 in
2369 653 2519 719 actis
2566 674 2787 719 eorum
2843 673 2988 718 cum
3047 674 3215 720 om-

515 761 700 828 nibus
747 759 1114 827 nominibus
1162 758 1437 826 iudicum
1486 777 1550 826 et
1594 760 1868 826 testium.

691 942 765 997 51.
803 941 876 997 ne
917 940 1281 997 instrumentis
1318 939 1542 1011 publicis
1579 939 1866 998 faciendis,

429 1104 455 1159 5
691 1083 978 1172 Septimo
1025 1081 1275 1149 decimo
1325 1083 1531 1151 Martii
1578 1101 1831 1171 quartae
1877 1068 2261 1151 indictionis,
2311 1083 2644 1150 Provisum
2688 1099 2786 1149 est
2830 1103 2937 1168 per
2978 1081 3206 1147 strati-

247 1211 456 1270 ·r,A.17
514 1206 733 1257 cotum
781 1207 845 1256 et
889 1189 1123 1256 iudices
1169 1188 1438 1256 civitatis
1509 1188 1832 1256 Messanae
1899 1208 1962 1257 et
2031 1210 2139 1277 per
2207 1189 2405 1276 ipsam
2468 1188 2941 1254 universitatem
2990 1202 3058 1252 ut
3099 1186 3203 1267 sit

285 1267 315 1338 5
362 1282 381 1323 ¹
513 1293 755 1363 amodo
802 1293 1201 1363 consuetudo
1249 1317 1328 1361 ex
1372 1313 1535 1362 certa
1581 1295 1841 1362 scientia
1887 1295 2245 1363 introducta
2290 1317 2325 1360 a
2372 1313 2506 1362 tota
2553 1295 2952 1361 universitate
3005 1314 3198 1381 prae-

513 1397 677 1466 dicta
723 1397 894 1488 quod
942 1398 1185 1466 nullum
1256 1399 1746 1467 instrumentum
1817 1396 2009 1467 debiti
2077 1399 2178 1466 vel
2247 1399 2627 1468 venditionis
2694 1399 2793 1465 vel
2856 1397 3196 1465 cuiuslibet

510 1504 758 1573 alterius
804 1522 1158 1573 contractus
1207 1502 1605 1592 publicetur,
1605 1505 1722 1570 nisi
1754 1522 1977 1573 vocata
2001 1523 2174 1592 parte
2203 1528 2360 1593 quae
2392 1506 2667 1594 tangitur
2696 1503 2804 1572 fiat
2842 1482 3188 1593 publicatio

392 1634 459 1675 xo
508 1609 886 1698 supradicta,
934 1610 1011 1678 Et
1055 1611 1107 1676 si
1155 1611 1219 1676 in
1266 1609 1383 1676 alia
1428 1610 1630 1676 forma
1675 1609 1830 1678 fiant
1875 1633 2010 1677 non
2064 1629 2316 1679 teneant
2381 1616 2801 1678 instrumenta
2868 1609 3185 1698 publicata

511 1716 825 1804 praedicta
869 1737 986 1784 nec
1035 1716 1224 1815 ullam
1271 1716 1542 1784 habeant
1586 1715 1968 1786 firmitatem.

686 1899 778 1956 52,
814 1900 889 1956 ne
927 1897 1358 1970 praesentatione
1397 1898 1874 1956 instrumentorum,

242 2115 300 2155 Τ
314 2114 368 2154 A·
390 2098 455 2155 ¹6
686 2040 937 2123 Quinto
985 2040 1087 2108 die
1134 2038 1342 2107 Martii
1373 2058 1627 2129 quartae
1659 2041 2044 2109 indictionis,
2077 2040 2314 2106 Anno
2298 2039 2747 2106 incarnationis
2782 2039 2871 2108 M.
2876 2034 3182 2125 CCQXJ.

282 2170 382 2243 §2
510 2145 864 2230 Provisum,
912 2165 1219 2215 statutum
1268 2163 1329 2213 et
1375 2146 1738 2215 ordinatum
1787 2166 1883 2216 est
1928 2170 2036 2236 per
2080 2148 2314 2214 curiam
2386 2147 2650 2214 civitatis
2721 2146 3048 2214 Messanae
3100 2146 3179 2213 de

388 2275 451 2328 ις
508 2252 776 2322 consilio
825 2256 1124 2321 omniurn
1158 2253 1610 2321 advocatorum
1645 2255 1849 2322 curiae
1880 2254 2227 2344 praedictae
2260 2276 2330 2320 ac
2362 2253 2441 2321 de
2472 2276 2725 2320 assensu
2759 2271 2822 2320 et
2852 2252 3177 2320 voluntate

507 2361 743 2427 civium
790 2361 1209 2427 universitatis
1256 2360 1448 2447 ipsius
1497 2378 1568 2427 ut
1613 2359 1913 2428 habeatur
1979 2360 2214 2429 amodo
2261 2383 2376 2449 pro
2426 2361 2883 2428 consuetudine
2928 2361 3175 2448 scripta,

506 2464 679 2555 quod
726 2467 789 2533 in
838 2464 1136 2532 omnibus
1183 2466 1616 2533 instrumentis
1664 2466 2070 2533 conficiendis
2117 2490 2195 2533 ex
2239 2466 2716 2556 quibuscunque
2755 2466 3173 2535 contractibus

505 2571 606 2671 (qx
651 2570 877 2660 quibus
925 2589 1051 2639 tam
1099 2570 1449 2638 secundum
1520 2573 1840 2660 antiquam
1902 2572 2429 2640 consuetudinem
2475 2574 2769 2659 scriptam
2815 2573 2879 2638 in
2927 2572 3175 2639 civitate

507 2676 855 2761 Messanae,
902 2699 1092 2765 quam
1162 2676 1513 2744 secundum
1583 2677 1763 2745 aliam
1837 2700 2074 2747 novam
2144 2679 2669 2747 consuetudinem
2715 2678 3031 2766 scriptam,
3075 2678 3172 2744 ius

381 2803 452 2844 20
505 2785 941 2874 prothimisios
974 2785 1280 2871 competit
1325 2803 1450 2851 tam
1499 2785 1632 2851 iure
1662 2787 1983 2871 sanguinis
2015 2807 2202 2873 quam
2235 2785 2661 2871 contiguitatis
2692 2783 2840 2873 loci)
2871 2783 3173 2851 habeatur

504 2913 620 2981 pro
681 2913 808 2958 una
875 2913 952 2958 ex
1019 2890 1519 2959 solemnitatibus
1589 2892 2153 2959 instrumentorum
2223 2892 2505 2979 ipsorum
2572 2889 2745 2978 quod
2817 2890 3167 2960 necessario

503 2997 774 3067 debeant
818 2999 1192 3066 intervenire
1259 2999 1788 3086 praesentationes
1856 2999 2422 3065 instrumentorum
2497 2998 2775 3084 ipsorum
2824 2997 2990 3084 apud
3037 3015 3171 3066 acta

502 3107 731 3177 Curiae
776 3106 1104 3173 Messanae
1149 3124 1211 3173 et
1254 3103 1557 3172 scribatur
1602 3104 1733 3172 dies
1783 3105 2298 3190 praesentationis
2366 3105 2650 3193 ipsorum
2698 3125 2806 3192 per
2852 3104 3169 3171 notarium

502 3228 791 3282 actorum
835 3211 900 3278 in
949 3210 1178 3277 finibus
1226 3210 1325 3277 vel
1371 3210 1533 3276 circa
1599 3209 1755 3276 fines
1826 3213 2395 3277 instrumentorum
2462 3210 2792 3297 ipsorum,
2861 3228 2925 3277 et
2996 3208 3168 3299 quod

379 3333 443 3387 25
501 3316 769 3386 debeant
813 3318 951 3404 ipsa
993 3317 1410 3383 instrumenta
1457 3338 1535 3382 ex
1582 3316 1730 3402 ipsis
1780 3315 2203 3383 contractibus
2252 3317 2406 3382 facta
2450 3332 2613 3383 stare
2657 3332 2718 3382 et
2764 3314 3024 3383 detineri
3063 3335 3172 3403 per

502 3424 818 3512 integrum
869 3421 1148 3490 triduum
1197 3423 1262 3488 in
1311 3424 1461 3489 actis
1529 3423 1736 3489 curiae
1809 3421 2237 3509 supradictae,
2306 3420 2409 3488 die
2476 3421 2991 3509 praesentationis
3036 3442 3169 3487 non

502 3546 895 3618 computato,
941 3529 1020 3595 Et
1059 3526 1209 3595 alias
1254 3550 1385 3595 non
1433 3527 1780 3594 habeantur
1808 3528 2223 3594 instrumenta
2252 3527 2384 3614 ipsa
2412 3546 2531 3613 pro
2562 3526 2739 3592 omni
2771 3525 3167 3593 solemnitate

501 3634 744 3719 vallata,
792 3633 900 3701 sed
949 3633 1187 3702 tamdiu
1236 3651 1556 3721 competat
1600 3650 1662 3701 et
1707 3633 1835 3721 peti
1883 3633 2083 3721 possit
2125 3633 2222 3699 ius
2267 3631 2703 3718 prothimisios
2761 3629 3058 3719 quamdiu
3100 3630 3166 3696 in

502 3738 649 3830 ipsis
695 3740 1128 3809 instrumentis
1175 3761 1309 3806 non
1356 3740 1709 3828 apparuerit
1752 3735 2196 3828 scriptusdies
2242 3737 2758 3825 praesentationis
2803 3758 3047 3804 eorum,

379 3934 448 3989 30
678 3919 773 3977 53.
815 3917 887 3974 Ex
923 3917 1108 3989 qulbus
1147 3915 1507 3973 contractibus
1545 3916 1627 3974 ius
1665 3916 2028 3987 prothimisios
2063 3920 2350 3986 competat.

232 4062 285 4103 Τ·
302 4061 357 4102 Α·
380 4045 445 4100 15
679 4053 1002 4122 Vicesimo
1033 4053 1414 4122 Novembris
1449 4054 1567 4133 VIJ
1601 4053 1981 4121 indictionis,
2016 4055 2206 4118 Anno
2231 4051 2680 4118 incarnationis
2706 4047 3161 4134 M.CC,XCIIJ,

272 4118 302 4189 S
340 4117 374 4174 ⁶
500 4159 835 4229 Provisum
882 4177 944 4226 et
990 4158 1351 4226 ordinatum
1400 4176 1494 4225 est
1539 4179 1648 4246 per
1692 4157 2161 4224 universitatem
2197 4157 2522 4224 Messanae
2565 4153 2739 4242 quod
2784 4154 2882 4220 ius
2929 4153 3167 4242 prothi-

500 4266 722 4332 misios
771 4280 1092 4352 competat
1160 4280 1288 4330 tam
1339 4264 1472 4330 iure
1516 4263 1838 4348 sanguinis
1908 4284 2098 4350 quam
2168 4261 2594 4349 contiguitatis
2661 4259 2786 4326 loci
2858 4281 2937 4325 ex
2998 4256 3172 4326 omni

501 4388 832 4440 contractu
880 4366 1189 4437 celebrato
1240 4368 1405 4435 inter
1450 4366 1892 4435 contrahentes
1939 4389 2016 4433 ex
2062 4390 2192 4456 quo
2240 4364 2601 4433 transfertur
2631 4363 2990 4431 dominium
3024 4363 3168 4430 utile

377 4485 440 4540 35
498 4476 600 4544 vel
645 4474 973 4558 directum,
1022 4471 1438 4540 nihilominus
1485 4470 1942 4541 consuetudine
1988 4473 2240 4559 antiqua
2287 4488 2592 4560 quantum
2626 4468 2703 4536 ad
2735 4468 3162 4537 solemnitates

645 4718 679 4776 9
719 4701 1462 4776 publicatio—instrumenta
1499 4722 1599 4760 om.
1636 4703 1884 4761 Cannam
1922 4702 2081 4777 (ediz.
2122 4707 2280 4774 1559)
2319 4719 2349 4756 e
2384 4700 2448 4755 L.
2482 4699 2559 4754 M.
2596 4699 2682 4755 ed.
2724 4697 2879 4755 1862,

3175 5183 3534 5406 m
