3534 5450
548 1516 613 1554 10

544 2047 602 2099 15

535 2577 606 2616 20

532 3108 595 3161 25

531 3638 599 3691 30

525 4171 587 4225 35

1872 462 1947 474 ...
1988 430 2029 490 2
2070 463 2145 475 ..-

670 568 878 611 verum
926 556 1185 610 tenorem
1231 543 1618 628 reintegravi‚
1665 540 1920 629 defectus
1964 543 2258 634 supplevi,
2315 545 2523 611 titulos
2577 545 2910 634 reformavi
2951 571 3022 617 ac
3064 551 3343 617 seriatim

670 652 966 742 disposui,
1014 653 1319 717 interserta
1364 660 1693 737 remotaque
1738 650 2007 739 capitula
2050 653 2250 734 univi,
2283 650 2452 738 falso
2499 657 2677 721 unita
2706 660 3026 743 segregavi
3056 670 3109 724 et
3139 661 3345 749 capri-

653 757 844 844 ficum
892 780 920 823 e
963 757 1136 823 domo
1184 757 1490 845 extirpa-vi
1534 777 1752 844 suoque
1784 756 1906 823 loco
1954 759 2147 844 affixi,
2183 771 2235 825 et
2263 781 2331 825 ea
2364 782 2517 849 quae
2545 762 2848 850 superflua
2873 777 3047 829 erant
3078 777 3132 830 et
3163 767 3347 853 quasi

672 863 1007 930 ludibrium
1051 863 1343 929 radicitus
1388 864 1579 928 evulsi
1622 863 1931 951 nequidem
1981 865 2128 932 rasi.
2194 865 2467 931 Demum
2521 889 2668 934 meo
2716 889 2972 955 sumptu
3023 889 3344 937 correctae

670 974 820 1035 satis
854 969 1125 1056 pervigili
1161 990 1303 1032 cura
1337 989 1397 1032 et
1431 969 1607 1032 omni
1641 967 2060 1035 sollicitudine
2082 993 2269 1057 super
2294 975 2573 1059 optimos
2601 974 2987 1060 characteres
3013 977 3346 1043 affluenter

670 1077 944 1163 imprimi
992 1074 1103 1140 feci
1139 1099 1154 1139 :
1204 1092 1271 1139 ut
1302 1071 1530 1138 nobilis
1578 1090 1640 1138 et
1672 1071 1901 1159 inclyta
1934 1097 2181 1162 semper
2216 1076 2503 1142 Messana
2536 1081 2662 1144 suis
2694 1077 2934 1165 legibus
2967 1102 3051 1149 lta
3082 1081 3345 1168 digestis

670 1180 1054 1270 excultisque
1100 1202 1160 1248 et
1207 1182 1536 1247 laetaretur
1583 1200 1642 1247 et
1688 1203 2094 1268 quocumque
2170 1183 2465 1249 incedens
2536 1188 2947 1257 enitesceret:
3018 1213 3133 1256 nec
3202 1213 3344 1255 non

668 1309 732 1357 et
778 1291 842 1354 in
891 1307 1141 1355 coetera
1186 1287 1506 1354 Trinacria
1554 1306 1812 1354 cunctas
1860 1311 1969 1375 per
2015 1312 2241 1362 manus
2292 1289 2389 1356 his
2436 1294 2748 1360 utentium
2804 1294 3054 1363 abunde
3099 1297 3345 1384 disper-

669 1414 986 1482 gerentur.
1036 1394 1233 1460 Decet
1278 1396 1447 1459 enim
1494 1393 1700 1459 bonos
1749 1395 1912 1460 cives
1966 1417 2096 1460 non
2144 1397 2405 1481 patriam
2454 1397 2662 1464 solum
2718 1399 3011 1484 laudare,
3082 1403 3349 1491 iuraque

667 1503 801 1569 eius
846 1503 1000 1568 tueri
1048 1501 1336 1567 audacter
1382 1518 1445 1567 et
1489 1500 1927 1566 inviolabiliter
1971 1500 2327 1570 custodire:
2362 1504 2472 1569 sed
2504 1506 2690 1571 etiam
2723 1506 3057 1593 dignitates
3105 1510 3347 1596 patriae

666 1629 729 1675 et
775 1631 997 1694 augere
1046 1630 1161 1696 pro
1207 1608 1481 1674 viribus:
1533 1627 1591 1673 et
1640 1608 1838 1673 cuivis
1890 1607 2280 1675 manifestare
2352 1612 2577 1698 optimi
2625 1614 2779 1679 civis
2835 1634 2971 1682 est:
3044 1618 3341 1703 quamvis

666 1714 1055 1803 impossibile
1101 1734 1194 1780 est
1239 1714 1410 1801 quod
1462 1713 1667 1779 bonus
1713 1715 1866 1779 civis
1914 1715 1994 1779 sit
2038 1716 2142 1802 qui
2191 1715 2269 1780 de
2317 1716 2501 1783 bonis
2552 1718 2709 1783 nihil
2755 1719 2981 1787 habeat
3030 1721 3224 1787 fixum
3273 1723 3342 1788 in

668 1824 882 1910 patria.
933 1823 1052 1887 Cui
1101 1840 1310 1887 autem
1359 1821 1483 1886 hoc
1529 1843 1692 1908 opus
1736 1821 2008 1887 dicarem
2037 1877 2054 1907 ,
2099 1823 2551 1889 iucundissime
2599 1825 2872 1909 ComeS,
2922 1827 3127 1892 nullus
3176 1828 3341 1894 mihi

666 1929 838 1994 visus
889 1948 981 1994 est
1028 1947 1091 1993 et
1139 1926 1390 2013 dignior
1435 1947 1498 1993 et
1545 1929 1962 2015 praestantior
1994 1946 2075 1996 te.
2124 1929 2186 1993 Si
2233 1929 2485 2016 quidem
2537 1950 2603 1996 tu
2654 1955 2785 1997 non
2821 1933 3052 1998 viribus
3088 1952 3343 2000 tantum

664 2037 946 2122 corporis
994 2035 1099 2099 sed
1151 2034 1340 2099 animi
1390 2056 1643 2121 quoque
1692 2034 2021 2100 virtutibus
2098 2053 2376 2102 caeteros
2446 2037 2801 2120 antecellis,
2874 2038 3065 2126 idque
3118 2058 3180 2106 et
3227 2059 3342 2107 tua

660 2161 834 2227 gesta
881 2160 942 2207 et
988 2139 1150 2206 fama
1196 2139 1461 2207 volatilis
1509 2140 1742 2206 nedum
1791 2141 2105 2207 innumeri
2138 2164 2401 2229 magnae
2431 2145 2814 2211 auctoritatis
2849 2146 2960 2210 viri
2993 2144 3336 2214 affirmant.

661 2249 786 2314 Sed
859 2248 1114 2314 laudum
1188 2268 1434 2314 tuarum
1509 2269 1806 2335 campum
1874 2249 2330 2334 amplissimum
2404 2273 2535 2316 non
2607 2252 2969 2336 ingredior:
3029 2276 3107 2318 ne
3153 2255 3337 2341 quod

661 2356 1021 2421 minotauro
1068 2373 1502 2421 constructum
1553 2372 1648 2420 est
1696 2355 1849 2419 mihi
1898 2377 2042 2421 sero
2090 2357 2437 2442 poenitenti
2502 2357 2761 2423 tortasse
2807 2360 3151 2444 contingat.
3224 2359 3341 2427 Sat

660 2463 829 2528 enim
881 2462 1157 2528 nosceris
1206 2483 1313 2549 per
1361 2483 1620 2526 omnem
1669 2461 2035 2548 Hispaniam
2087 2484 2337 2527 necnon
2387 2463 2624 2529 Italiam
2694 2481 2755 2530 et
2821 2464 3053 2529 insulas
3103 2487 3338 2532 ornnes

661 2566 871 2632 medio
923 2585 1245 2654 protentas
1295 2568 1470 2631 mari.
1516 2566 1973 2633 Verumtamen
2022 2591 2152 2634 non
2203 2571 2489 2635 omittam
2542 2570 2713 2657 quod
2776 2571 3096 2636 retroactis
3166 2589 3337 2637 tem-

661 2673 916 2763 poribus
966 2673 1233 2762 degente
1280 2673 1380 2740 hic
1428 2672 1646 2739 illustri
1696 2674 1772 2739 D.
1822 2674 2060 2742 Ioanne
2106 2675 2183 2741 de
2233 2677 2476 2742 Lanuza
2546 2698 2851 2762 nrorege,
2921 2696 3099 2765 capta
3163 2700 3338 2767 pene

659 2782 952 2850 Pelorum
1002 2802 1130 2848 rate
1177 2781 1445 2870 quadam
1497 2783 1981 2869 panhormitana
2024 2784 2203 2871 (dum
2252 2785 2411 2849 ludis
2459 2785 2639 2850 divae
2686 2785 2918 2850 Mariae
2973 2786 3051 2851 de
3107 2786 3334 2874 pilerio
3485 2811 3492 2852 ι

657 2889 1003 2978 vacaretur)
1049 2890 1386 2976 piratarum
1434 2886 1690 2955 fraude:
1737 2888 1923 2955 Solus
1970 2907 2036 2956 tu
2090 2890 2182 2955 vir
2228 2890 2733 2977 prudentissime,
2768 2892 2859 2956 vir
2889 2892 3197 2975 animose,
3234 2894 3333 2957 vir
3487 2909 3492 2976 l

655 2997 1088 3063 strenuissime
1120 3018 1440 3061 armorum
1475 2997 1832 3083 capitaneus
1865 2998 2096 3063 electus
2129 2995 2293 3062 illico
2318 3019 2352 3061 e
2378 3018 2561 3083 portu
2591 2998 2846 3063 zancleo
2869 3019 3016 3062 cum
3051 3016 3332 3085 quatuor
3487 2985 3492 3070 l

657 3102 1155 3170 Messanensium
1192 3102 1453 3169 navibus
1486 3101 1646 3168 bene
1681 3103 1936 3169 munitis
1984 3120 2204 3170 contra
2248 3102 2551 3170 subdolos
2600 3105 2824 3191 piratas
2880 3105 3203 3190 migrasti:
3263 3124 3332 3171 et
3487 3093 3492 3118 ⁴

656 3211 925 3298 longum
975 3212 1037 3276 in
1091 3232 1260 3275 mare
1329 3210 1644 3297 profectus
1714 3233 1826 3276 eos
1894 3233 2028 3277 non
2096 3211 2526 3298 prospicienS,
2596 3212 2951 3277 constrictis
3027 3210 3330 3277 dentibus
3490 3159 3492 3254 l

654 3316 1054 3383 exclamasti:
1107 3315 1205 3380 Ah
1257 3315 1566 3383 Messana.
1617 3315 1803 3381 Ibunt
1848 3317 2140 3403 impuniti
2196 3316 2360 3381 fures
2404 3316 2469 3381 in
2519 3317 2606 3382 tui
2641 3314 3328 3403 opprobrium?lbunt

653 3421 886 3488 inulti?
932 3439 1065 3486 non
1112 3442 1220 3485 eos
1271 3421 1625 3506 reperiam?
1671 3421 1776 3486 Eia
1826 3422 1988 3507 agite
2040 3443 2080 3486 o
2126 3421 2303 3506 socii,
2336 3421 2411 3486 ad
2467 3422 2726 3507 patriam
2761 3444 2894 3487 non
2926 3440 3022 3488 est
3053 3422 3328 3512 redeun-

651 3528 806 3595 dum
853 3528 1004 3616 quin
1064 3527 1232 3615 prius
1303 3526 1444 3593 illos
1508 3550 1732 3593 omnes
1803 3527 2110 3595 violenter
2177 3528 2568 3596 ulciscamur.
2636 3528 2811 3594 Tum
2881 3529 3080 3615 magis
3149 3553 3326 3597 mare

653 3652 1072 3722 perscrutatus
1121 3656 1231 3699 eos
1279 3633 1355 3699 ad
1405 3633 1683 3699 Melitam
1734 3636 2157 3722 prospexisti:
2206 3653 2267 3702 et
2312 3634 2471 3701 adeo
2519 3657 2879 3723 persecutus
2927 3634 3095 3701 fuisti
3142 3635 3321 3722 quod

651 3757 913 3806 cunctos
984 3739 1277 3804 homines
1346 3740 1674 3805 convictos
1742 3738 1950 3824 gladio
2022 3742 2344 3827 potestatis
2408 3739 2732 3824 obtulisti,
2802 3763 3026 3807 navem
3090 3763 3322 3808 eorum

650 3846 880 3912 crebris
926 3844 1149 3911 ictibus
1197 3846 1558 3910 confossam
1606 3846 1670 3909 in
1721 3843 1972 3931 pelagus
2019 3845 2334 3926 deiecisti,
2382 3847 2661 3931 captivos
2738 3845 3051 3929 liberasti,
3088 3863 3319 3913 ·ratem

648 3952 1023 4019 ditissimam
1073 3952 1151 4018 ad
1198 3972 1453 4038 portum
1501 3950 1753 4019 duxisti.
1803 3952 1978 4031 Quid
2027 3953 2257 4040 plura?
2303 3953 2585 4017 animum
2633 3974 2773 4037 erga
2807 3951 2968 4017 hanc
2999 3953 3320 4019 civitatem

650 4057 1004 4142 ostendisti.
1051 4056 1204 4124 Non
1252 4056 1329 4122 ab
1377 4077 1443 4121 re
1487 4056 1676 4142 igitur
1722 4078 2016 4141 magnam
2065 4079 2242 4144 spem
2293 4057 2481 4124 habet
2548 4059 2610 4123 in
2681 4075 2743 4123 te
2813 4058 3008 4144 patria
3075 4074 3321 4128 nostra.

647 4162 769 4230 Sed
817 4186 895 4230 eo
944 4131 1140 4250 &agis
1188 4163 1251 4228 in
1304 4182 1364 4230 te
1408 4179 1615 4251 sperat
1658 4161 1830 4250 quod
1903 4181 1964 4229 te
2031 4163 2354 4250 privilegio
2423 4162 2785 4246 decoravit,
2856 4164 3057 4228 civem
3125 4163 3318 4248 fecit,

647 4270 1067 4358 exemptionis
1114 4291 1187 4336 ac
1233 4269 1528 4336 libertatis
1577 4270 1708 4337 iura
1753 4270 2086 4353 concessit,
2135 4288 2304 4336 tuam
2352 4291 2601 4357 semper
2645 4286 2825 4356 optat
2886 4267 3173 4353 salutem,
3221 4272 3320 4338 tui

644 4398 893 4463 semper
937 4376 1248 4443 desiderio
1296 4392 1560 4441 tenetur.
1608 4375 1761 4441 Esto
1809 4374 2018 4462 itaque
2085 4396 2216 4440 non
2288 4395 2568 4440 mearum
2623 4372 3135 4440 lucubrationum
3200 4374 3318 4442 sed

646 4503 853 4548 rerum
903 4482 1170 4570 inclytae
1216 4482 1479 4549 civitatis
1527 4481 1854 4548 Messanae
1898 4481 2233 4546 acerrimus
2282 4477 2588 4547 defensor.
2641 4478 2816 4546 Vale.
