3534 5450
1438 348 1519 368 ....
1560 316 1641 382 15
1683 346 1757 369 ..-

435 494 546 558 33.
592 492 690 558 De
735 493 1149 561 locationibus
1188 493 1539 561 domorum.

436 646 691 715 Domus
735 647 943 716 iocata
986 646 1401 733 auferrimon,
1426 664 1637 738 potest
1666 660 1811 715 ante
1838 646 2260 714 constitutum
2293 646 2541 736 tempus
2572 644 2927 730 locationiS,
2981 663 3103 705 ‘m-
3125 662 3191 716 32

196 788 207 795 -
248 771 694 843 praeterquam
745 757 796 821 si
844 755 1143 822 dominus
1190 755 1296 843 qui
1341 755 1510 822 locat
1551 752 1652 819 vel
1700 754 1765 820 in
1826 755 1958 841 ipsa
2017 753 2222 819 domo
2281 751 2557 820 habitare
2582 806 2602 838 ,
2658 751 2760 819 vel
2825 772 2924 818 res

248 882 404 926 suas
452 882 531 926 ex
579 862 948 927 necessitate
990 862 1057 926 in
1098 882 1173 927 ea
1217 882 1454 949 ponere
1501 861 1790 927 voluerit.
1837 859 1902 925 Si
1934 880 2085 926 vero
2118 859 2468 926 conductor
2500 874 2644 925 ante
2676 856 2926 925 finitum

245 981 510 1054 ternpus
557 966 999 1034 conductionis
1047 968 1124 1034 ad
1170 969 1485 1056 propriam
1530 966 1802 1033 domum
1849 966 2114 1053 migrare
2158 964 2431 1032 voluerit
2495 962 2574 1030 ad
2642 962 2927 1030 habitan·
2985 980 3012 1033 5

247 1070 439 1155 dum,
484 1092 594 1137 seu
644 1072 720 1139 ad
766 1072 917 1139 alias
962 1091 1166 1162 partes
1212 1071 1604 1139 domicilium
1652 1090 1895 1141 mutare
1939 1071 2231 1155 voluerit,
2276 1088 2520 1160 potest,
2568 1069 2927 1137 dummodo

246 1179 553 1245 transacti
603 1180 905 1267 temporis
952 1179 1156 1246 solvat
1199 1178 1534 1262 loherium,
1564 1177 1722 1246 ultra
1752 1196 1887 1246 non
1919 1195 2179 1245 tenetur.
2214 1178 2483 1245 Locator
2513 1198 2662 1245 vero
2692 1175 2926 1242 domus

244 1303 376 1370 pro
424 1283 730 1369 pensione
772 1282 891 1349 sibi
938 1306 1074 1350 non
1120 1283 1325 1351 soluta
1373 1301 1582 1372 potest
1628 1306 1734 1371 per
1779 1306 1848 1351 se
1894 1305 1990 1349 res
2035 1281 2321 1372 inquilini
2393 1280 2630 1351 auferre
2674 1292 2750 1350 et·
2783 1282 2926 1348 reti-

246 1408 429 1472 nere,
476 1385 682 1453 donec
727 1387 950 1476 pensio
998 1386 1116 1453 sibi
1161 1386 1462 1456 solvatur.

436 1551 547 1614 34.
599 1550 692 1614 De
738 1549 968 1616 debitis
1013 1569 1094 1617 ox
1137 1552 1305 1633 turpi
1352 1570 1555 1617 eausa.
2983 1558 3049 1601 10

435 1705 504 1771 Si
548 1707 690 1794 quis
736 1708 1068 1794 pecuniam
1112 1709 1493 1775 mutuaverit
1536 1708 1611 1775 ad
1659 1708 1907 1776 taxilles
1950 1707 2051 1776 vel
2097 1707 2174 1776 ad
2219 1708 2488 1797 aliquem
2518 1706 2741 1775 hxdnm
2787 1727 2925 1797 per-
2982 1718 3193 1773 T.A.34

239 1810 535 1895 ditionis»,
581 1813 638 1877 ei
683 1813 850 1879 actio
892 1811 1259 1901 denegatur,
1301 1830 1366 1879 et
1406 1812 1697 1881 debitum
1743 1815 1994 1899 amittit,
2041 1815 2162 1885 nisi
2209 1836 2318 1904 per
2361 1815 2788 1882 retentionem
2833 1814 2930 1903 pi·

241 1918 475 2005 gnoris
522 1917 640 1984 sibi
687 1938 946 1986 cautum
990 1920 1191 1987 inerit.
1247 1919 1312 1986 Si
1376 1937 1589 1987 autem
1659 1923 2030 1989 convenerit
2093 1938 2200 1989 aut
2269 1921 2628 2008 promiserit
2691 1919 2927 2009 aliquid

238 2023 422 2107 dare,
466 2025 521 2090 is
566 2025 668 2090 cui
717 2025 1102 2112 prom-issum
1146 2042 1264 2109 est,
1309 2027 1624 2093 actionem
1671 2046 1808 2093 non
1854 2025 2061 2112 habet,
2108 2025 2217 2093 sed
2264 2025 2482 2094 datum
2553 2048 2684 2093 non
2748 2044 2926 2114 repe-

238 2131 404 2198 titur
425 2154 449 2221 3
494 2148 645 2199 cum
690 2132 758 2197 in
808 2133 973 2219 turpi
1019 2146 1204 2200 causa
1251 2132 1474 2200 melior
1518 2133 1600 2200 sit
1640 2132 1964 2201 condictio
2005 2134 2364 2222 accipientis
2395 2132 2493 2200 vel
2521 2132 2924 2222 possidentis,
2982 2141 3048 2194 15

436 2297 546 2361 35.
594 2295 690 2360 De
739 2297 965 2362 usuris.

428 2451 678 2518 Usurae
722 2450 1084 2518 datae'nen
1131 2468 1519 2541 repetuntur,
1563 2470 1682 2519 nec
1751 2453 1817 2519 in
1885 2470 2125 2521 sortem
2193 2452 2387 2520 debiti
2451 2466 2925 2540 computantur.
2979 2456 3181 2513 'BA-33

235 2557 514 2626 Dandae
556 2557 689 2626 dari
735 2578 872 2626 non
914 2574 1254 2646 eoguntur,
1298 2574 1730 2649 praeterquam
1776 2559 1980 2627 viduis
2020 2579 2083 2628 et
2112 2558 2382 2649 pupillis,
2411 2556 2770 2628 dummodo
2797 2560 2926 2628 sint

240 2661 638 2733 moderatae.

430 2828 540 2894 36.
591 2823 684 2893 De
730 2827 873 2893 foro
917 2829 1323 2907 competenti.
2978 2847 3049 2887 20
3120 2825 3162 2937 λ’

429 2986 986 3053 CiviaMessanae
1031 2986 1231 3074 prima
1275 2985 1483 3053 ironte
1542 3005 1620 3051 ex
1677 2985 1849 3052 nulla
1894 3003 2078 3053 causa
2144 2985 2222 3052 ad
2288 2985 2591 3072 judicium
2663 2986 2925 3054 trahitur
2977 2949 3186 3046 T·As22

240 3093 372 3159 nisi
417 3093 484 3159 in
532 3094 707 3159 curia
755 3092 1106 3160 Messanae.

430 3256 540 3322 37.
590 3255 847 3338 Quando
892 3258 1116 3322 mulier
1160 3274 1280 3320 non
1324 3260 1538 3338 potest
1581 3273 1947 3338 comparere
1991 3257 2049 3319 in
2089 3255 2343 3338 judicio.

429 3411 662 3480 Mulier
704 3413 917 3479 virum
962 3412 1200 3478 habens
1246 3433 1376 3479 non
1428 3411 1617 3479 habet
1660 3428 1851 3499 caput
1916 3410 2120 3480 standi
2191 3414 2258 3480 in
2325 3411 2559 3500 judicio
2628 3415 2765 3481 sine
2806 3413 2921 3480 viri
2975 3426 3181 3484 ‘BA-47

0 3519 69 3552 '-
240 3519 347 3587 sui
394 3520 792 3587 auctoritate.
2975 3533 3039 3587 25

0 3649 261 3783 530³}ss-
429 3685 537 3748 38.
589 3681 845 3764 Quando
890 3682 1030 3764 quie
1076 3681 1385 3745 camerari
1431 3698 1549 3744 non
1596 3680 1841 3746 debeat.

17 3801 183 3978 ’ἕ
194 3795 299 4016 Ξ
424 3838 643 3906 Nemo
688 3859 805 3926 pro
853 3836 1019 3906 civili
1062 3858 1247 3904 causa
1289 3837 1724 3920 incarceretur,
1769 3837 1822 3903 si
1868 3835 2298 3905 fideiussorem
2346 3837 2494 3904 dare
2540 3856 2769 3926 potest.
2976 3854 3032 3894 ’1'-
3045 3855 3100 3894 Α·
3116 3853 3182 3911 27

54 4001 181 4090 ⁸'.'
140 4057 151 4066 .
190 4032 243 4126 Ξ

90 4099 236 4161 .'···.‘
238 4148 253 4169 ,.
294 4097 346 4163 ..‘
395 4118 466 4158 22
505 4103 747 4158 Aprum
785 4106 959 4157 noto:
998 4122 1026 4153 α
1055 4101 1114 4156 ld
1151 4120 1367 4175 quoque
1404 4103 1513 4158 late
1549 4103 1815 4158 habemus
1852 4105 1909 4158 in
1946 4103 2230 4176 privilegio
2256 4104 2416 4159 nobis
2437 4120 2708 4161 concesso
2735 4123 2766 4161 a
2794 4106 2921 4164 divo

143 4173 378 4268 ζῖαὴ3ε
416 4189 642 4257 Iacobo,
680 4192 829 4264 quod
869 4209 975 4262 ego
1011 4191 1091 4245 10.
1126 4192 1317 4246 Petrus
1355 4191 1498 4264 Apu
1536 4192 1642 4245 vidi
1682 4205 1735 4247 et
1771 4192 1882 4266 legi
1908 4213 1936 4243 »
1979 4223 2045 4234 —
2083 4193 2400 4249 BRUNNECK
2436 4194 2625 4248 invece
2664 4194 2717 4247 di
2761 4197 2922 4251 nobis

210 4282 526 4338 σοιὶοοιοο
564 4284 784 4352 stampo
823 4281 976 4336 urbia
1012 4295 1300 4334 concesso.
1332 4279 1343 4351 1
1374 4293 1445 4347 24
1482 4281 1661 4334 standi
1696 4281 1898 4352 judicio
1936 4279 2196 4337 Caurum.
2234 4311 2299 4323 —
2339 4277 2624 4336 Han-rwrc
2661 4282 2762 4336 che
2801 4279 2919 4338 dice

149 4392 185 4408 ··
154 4341 575 4442 'fi-istampare
613 4370 874 4434 Arpano,
912 4384 1082 4440 segue
1117 4370 1307 4423 invece
1343 4368 1565 4423 l'errore
1599 4365 1654 4422 di
1690 4368 1951 4435 Caluum,
1989 4369 2092 4424 che
2128 4369 2196 4423 da
2230 4370 2325 4423 noi
2359 4368 2416 4424 fu
2452 4381 2687 4425 coi-retro
2732 4371 2862 4427 nell’
2867 4389 2923 4426 e-

210 4449 471 4516 ·diiibiae
497 4457 591 4513 del
633 4457 788 4523 1862,
825 4476 953 4530 pag.
986 4472 1082 4525 44.
1113 4487 1185 4500 —
1219 4457 1536 4514 Baunnucx
1571 4459 1619 4513 si
1653 4460 1817 4530 giova
1853 4458 2000 4514 della
2035 4470 2222 4515 nostra
2248 4460 2561 4515 correziune
2585 4477 2617 4516 e
2644 4461 2764 4517 dice
2786 4473 2923 4517 con·-

202 4558 335 4632 ’ξω
357 4546 411 4604 .ἰ1
450 4563 586 4605 vero
624 4546 728 4604 che
763 4546 1003 4604 Aprum
1041 4546 1216 4603 omise
1252 4547 1306 4604 in
1337 4544 1349 4620 Ι
1379 4561 1446 4619 27
1486 4543 1787 4604 carceretur
1821 4547 2103 4606 Ham-ww
2140 4565 2171 4605 e
2205 4548 2540 4607 Buuuusscx.
