3534 5450
1367 423 1686 484 ...13—

368 590 481 657 24.
529 594 623 656 De
667 593 1069 658 divisionibus
1116 595 1277 658 intei-
1318 592 1549 658 fratres
1595 592 1976 656 cohaeredes
2020 591 2339 659 faciendis.

368 750 685 817 Fratribus
734 750 1097 817 nolentibus
1145 752 1210 817 in
1258 751 1591 818 communi
1637 750 1847 816 vivere
1894 769 1959 817 et
2002 749 2357 818 volentibus
2404 767 2725 837 paternam
2762 750 2860 816 vel
2917 778 3042 818 τ.Α.
3062 779 3127 832 30

189 875 543 924 maternam
593 856 1033 924 haereditatem
1082 856 1376 938 dividere,
1409 858 1630 922 maiori
1680 875 1830 924 natu
1880 857 2060 923 datur
2104 857 2331 923 divisio
2380 856 2763 940 celebranda,
2802 875 2864 923 et

187 964 428 1030 minori
476 962 844 1055 conceditur
889 965 1069 1051 optio
1115 962 1406 1049 eligendi.
1476 963 1553 1030 Et
1597 964 1685 1028 sic
1732 962 1811 1029 de
1854 962 2048 1049 gradu
2096 965 2161 1029 in
2206 964 2471 1048 gradum
2541 985 2740 1050 usque
2785 961 2862 1027 ad

185 1071 521 1136 maiorem.
592 1068 970 1136 Adventicia
1016 1091 1167 1135 vero
1213 1087 1276 1136 et
1316 1069 1515 1156 legata
1559 1070 1722 1135 inter
1790 1069 2168 1136 cohaeredes
2217 1088 2280 1138 et
2320 1070 2647 1157 legatarios
2693 1086 2866 1135 sorte
2923 1097 2946 1148 5

184 1174 580 1244 dividuntur.

377 1337 486 1402 25.
534 1338 628 1400 De
674 1337 974 1401 divisione
1018 1337 1185 1425 faeta
1233 1339 1394 1400 inton-
1440 1338 1781 1418 quamlibet
1824 1356 2172 1419 personam.

376 1492 472 1559 Re
515 1491 718 1558 stabili
768 1494 1098 1559 communi
1142 1493 1305 1559 inter
1332 1493 1575 1581 aliquos
1607 1493 1685 1559 de
1716 1494 2048 1559 communi
2079 1493 2407 1560 voluntate
2436 1493 2655 1577 divisa,
2688 1511 2863 1583 post·
2920 1523 2973 1562 T.
2994 1520 3122 1575 A·43

192 1621 395 1686 quam
426 1598 686 1686 quilibet
716 1599 1074 1685 portionem
1105 1621 1285 1665 suam
1317 1600 1666 1686 agnoverit,
1698 1616 1761 1667 et
1791 1621 1864 1666 ea
1895 1617 2231 1667 contentus
2264 1599 2465 1683 fuerit,
2500 1600 2673 1666 nullo
2709 1619 2867 1667 tem—

189 1725 353 1791 pore
381 1703 483 1770 vel
512 1702 714 1792 aliqua
744 1725 925 1770 causa
958 1725 1068 1792 per
1097 1703 1368 1792 aliquem
1400 1725 1622 1769 eorum
1669 1702 1773 1770 vel
1815 1704 2101 1792 ipsorum
2149 1704 2447 1770 haeredes
2494 1703 2722 1771 divisio
2769 1729 2867 1773 re·
2925 1734 2992 1773 10

196 1810 451 1877 tractari
496 1826 725 1896 potest.

374 1974 481 2038 26.
531 1975 625 2037 De
669 1975 935 2055 publicis
980 1975 1427 2039 oontraotibus.

376 2128 603 2196 Nullus
651 2131 926 2217 privatus
972 2147 1331 2197 contractus
1377 2129 1542 2197 valet
1587 2147 1694 2196 aut
1739 2147 1913 2198 tenet
1957 2132 2076 2196 nisi
2109 2152 2144 2196 a
2174 2128 2423 2197 duobus
2463 2131 2559 2197 vel
2590 2130 2867 2220 pluribus
2923 2158 2978 2197 τ.
2997 2158 3133 2213 A.17

192 2235 446 2304 idoneis
494 2234 752 2302 testibus
798 2234 982 2302 fuerit
1027 2236 1380 2303 roboratus,

376 2399 482 2464 27.
532 2399 788 2482 Quando
834 2402 1055 2464 mulier
1099 2401 1356 2479 obligari
1404 2418 1523 2464 non
1569 2404 1801 2480 potest,
1849 2406 1914 2465 et
1958 2401 2207 2483 quando
2251 2404 2482 2482 potest.
2928 2420 2987 2473 15

375 2557 559 2623 Uxor
602 2559 736 2623 sine
784 2557 899 2622 viri
943 2555 1042 2622 sui
1086 2557 1457 2624 auctoritate
1501 2579 1618 2623 nec
1663 2579 1750 2641 se,
1800 2579 1917 2624 nec
1962 2580 2081 2624 sua
2127 2556 2406 2644 obligare
2452 2575 2683 2647 potest.
2745 2557 2869 2624 Sed
2926 2564 3137 2619 T0A.18

183 2686 344 2731 cum
392 2664 594 2730 mariti
641 2665 737 2731 sui
784 2665 1172 2753 auctoritate,
1218 2665 1521 2751 susceptis
1567 2660 1730 2748 filiis,
1780 2663 2083 2752 obbligari
2131 2683 2364 2753 potest,
2392 2685 2526 2733 non
2566 2667 2871 2753 susceptis

182 2769 336 2836 filiis
381 2769 668 2837 similiter
734 2769 1037 2856 obbligari
1107 2786 1320 2858 potest
1364 2770 1417 2835 si
1460 2791 1575 2856 pro
1622 2770 1953 2836 communi
2013 2769 2278 2838 utilitate
2346 2770 2443 2836 vel
2505 2771 2873 2838 necessitate

188 2874 503 2963 obligatio
570 2892 894 2944 contracta
938 2874 1144 2943 fuerit.
1215 2873 1440 2941 Mulier
1485 2897 1741 2964 quoque
1794 2878 2000 2970 virum
2071 2898 2205 2943 non
2253 2877 2491 2944 habens
2536 2898 2604 2941 se
2651 2893 2715 2943 et
2759 2898 2873 2943 sua

187 2981 477 3069 obligare
522 2998 752 3070 potest.
2925 3002 2996 3043 20

376 3144 484 3209 28.
533 3145 627 3208 De
673 3162 872 3225 poena
920 3146 978 3208 in
1025 3149 1351 3208 conti-actu
1400 3146 1702 3226 apposita.

372 3297 559 3365 Nulla
605 3321 812 3387 poena
855 3301 920 3365 in
967 3300 1210 3387 privato
1257 3317 1585 3367 contractu
1647 3301 1934 3387 apposita
1979 3298 2288 3383 solvitur,
2335 3316 2768 3387 praeterquam
2815 3300 2869 3365 si
2926 3318 3138 3371 ’BA-44

185 3407 256 3472 in
308 3405 687 3472 arbitrorum
733 3408 1156 3473 instrumento
1203 3426 1577 3495 apponatur,
1607 3423 1872 3494 excepto
1918 3406 1971 3471 si
2018 3405 2098 3472 de
2142 3427 2350 3495 poena
2395 3404 2506 3472 fiat
2547 3404 2872 3496 publicum

185 3512 717 3596 instrumentum,
764 3529 826 3579 et
871 3514 956 3579 ita
1000 3528 1285 3579 servatur
1331 3512 1396 3578 in
1442 3511 1633 3580 Curia
1679 3511 2028 3580 Messanae.

378 3675 486 3738 29.
535 3673 629 3738 De
675 3674 944 3740 arbitris,
2925 3692 2991 3745 25

378 3830 571 3898 Facto
620 3833 685 3896 in
732 3829 977 3919 aliquos
1025 3852 1060 3897 a
1105 3829 1383 3918 partibus
1451 3827 1921 3917 compromisso
1966 3849 2114 3894 cum
2163 3850 2406 3917 poenae
2457 3827 2873 3917 appositione,
2928 3849 3138 3904 'run-19

191 3935 382 4003 firma
427 3956 521 4003 est
565 3935 941 4003 arbitrorum
986 3937 1291 4003 sententia
1338 3938 1403 4001 in
1435 3934 1599 4001 civili
1643 3936 1936 4021 negocio.
1983 3935 2054 4000 In
2087 3934 2393 4001 criminali
2425 3935 2613 4002 etiam
2645 3936 2710 4000 in
2742 3955 2870 4023 quo

192 4064 339 4109 non
372 4059 539 4109 esset
568 4063 775 4130 poena
803 4041 1124 4129 sanguinis
1157 4062 1268 4129 per
1297 4040 1532 4107 curiam
1562 4038 1923 4129 infligenda,
1955 4041 2113 4107 Item
2158 4041 2467 4107 sententia
2495 4037 2870 4107 arbitrorum

350 4270 373 4321 5
418 4252 746 4307 cohaeredes
784 4251 1075 4323 legatarios
1113 4249 1394 4315 CARmm,
1433 4250 1718 4305 HARTwm
1754 4266 1784 4304 e
1822 4249 2155 4305 Bnmmsscx.
2239 4249 2250 4321 Ι
2288 4265 2350 4319 17
2409 4248 2650 4304 CARmm
2689 4255 2874 4304 omette

194 4346 249 4400 le
290 4342 517 4416 parole:
574 4356 684 4399 non
739 4342 1013 4413 susceptis
1064 4339 1192 4395 nilis
1244 4341 1497 4395 similiter
1534 4340 1768 4408 obliqui-i
1821 4342 2025 4411 potest.
2050 4368 2121 4378 —
2148 4338 2432 4393 HARTwm
2482 4354 2511 4391 e
2560 4338 2876 4392 Bnmmncx

198 4435 255 4490 le
297 4445 590 4487 omettono
628 4448 731 4503 pur
764 4427 1123 4493 affermandO,
1159 4437 1354 4482 contro
1391 4426 1428 4480 il
1465 4443 1595 4482 vero
1616 4465 1632 4491 ‚
1682 4426 1736 4480 di
1772 4425 2076 4498 riprodurre
2112 4424 2150 4479 1’
2170 4425 2416 4479 edizione
2454 4425 2507 4479 di
2544 4426 2873 4480 Ammo·—

199 4522 413 4588 Quelle
451 4520 637 4593 parole
677 4535 895 4573 omesse
934 4516 1001 4572 da
1038 4516 1325 4572 HARTMG
1362 4532 1392 4569 e
1429 4514 1744 4570 Bnuumzcx
1771 4515 1816 4569 si
1843 4523 2074 4569 trovano
2101 4514 2192 4568 nel
2218 4512 2392 4567 Testo
2419 4513 2621 4567 Antico
2650 4512 2702 4566 di
2726 4513 2878 4567 Mes-

200 4613 329 4666 sina
366 4609 611 4664 adottato
648 4608 705 4662 in
741 4606 998 4679 Trapani,
1037 4621 1085 4659 c.
1126 4604 1209 4670 18,
1247 4603 1342 4657 lin.
1381 4601 1468 4671 26,
1508 4620 1633 4676 pag.
1676 4616 1758 4669 14.

350 4712 435 4770 LA
468 4711 729 4769 Maiam.
2665 4717 2691 4774 3
