3534 5450
1446 357 1766 418 ...27-

415 495 470 538 et
516 500 697 538 rerum
750 499 968 537 suarum
1030 477 1264 534 admini-

411 584 608 628 strator
644 604 1277 628 ........
1315 582 1440 638 pag.
1484 577 1547 616 12

267 664 359 718 20.
397 662 484 717 De
530 663 721 734 quibus
777 662 935 715 bonis
991 658 1134 715 filius
1184 656 1266 710 fa-

408 751 586 806 milias
623 751 808 806 testari
843 750 1016 823 possit
1064 788 1077 802 .
1156 790 1170 805 .
1244 788 1256 801 .
1359 764 1387 796 n
1479 743 1550 796 ivi

268 842 344 896 21.
382 840 469 895 De
507 840 707 913 puellis
743 841 1079 894 minoribus,
1154 875 1169 891 .
1244 875 1259 889 .
1358 855 1386 886 n
1480 834 1551 887 ivi

269 933 358 985 22.
397 930 483 985 De
548 930 1003 985 exhaeredatione
1063 927 1266 982 libero-

409 1037 549 1086 rum,
588 1032 642 1075 et
678 1021 869 1092 spuriis
897 1052 1260 1077 .....
1356 1033 1383 1064 υ
1479 1012 1552 1065 ivi

264 1112 358 1166 23.
396 1110 641 1175 Quando
673 1110 785 1166 filia
810 1121 980 1182 nupta
1005 1120 1059 1163 et
1083 1106 1267 1161 dotata

409 1200 498 1256 vel
523 1200 664 1256 filius
695 1202 1064 1272 emancipatus
1092 1196 1266 1269 possit

408 1308 535 1345 cum
572 1290 820 1344 fratribus
857 1288 945 1342 vel
988 1285 1264 1342 sororibus

408 1379 476 1435 ad
512 1390 793 1452 paternam
828 1377 914 1432 vel
961 1387 1264 1431 maternam

408 1471 816 1524 successionem
853 1468 1034 1522 venire
1068 1506 1082 1520 .
1155 1502 1171 1517 .
1245 1504 1258 1517 .
1355 1480 1382 1512 »
1477 1459 1549 1513 ivi

266 1562 364 1613 24.
402 1559 488 1613 De
527 1559 878 1614 divisionibus
915 1558 1055 1611 inter
1077 1553 1264 1609 fratres

408 1647 736 1704 cohaeredes
774 1646 1031 1702 faciendis
1070 1693 1081 1705 ,
1154 1681 1171 1697 .
1243 1679 1258 1695 .
1358 1662 1385 1692 »
1484 1653 1542 1707 13

265 1741 354 1795 28.
393 1738 479 1793 De
502 1737 765 1792 divisione
781 1736 1267 1807 factainterquam-

409 1828 541 1883 libet
577 1844 870 1899 personam
892 1860 1259 1880 .....
1359 1839 1388 1871 n
1478 1818 1548 1871 ivi

261 1920 354 1976 28.
393 1918 481 1972 De
518 1915 750 1990 publicis
789 1915 1171 1971 contractibus.
1246 1958 1257 1971 .
1355 1930 1381 1961 n
1480 1909 1549 1963 ivi

270 2009 358 2066 27.
398 2005 647 2070 Quando
671 2004 869 2059 mulier
899 2003 1124 2074 obligari
1150 2017 1264 2055 non

406 2104 607 2166 potest,
646 2104 699 2149 et
738 2094 957 2166 quando
994 2101 1177 2164 potest
1246 2129 1260 2143 .
1361 2108 1388 2138 n
1478 2087 1550 2140 ivi

266 2186 358 2240 28.
397 2183 484 2240 De
522 2200 702 2256 poena
736 2184 793 2237 in
843 2193 1125 2237 contractu
1175 2197 1270 2251 ap-

409 2273 588 2345 posita
627 2304 1257 2332 ........
1352 2285 1379 2318 »
1481 2266 1552 2318 ivi

267 2364 359 2418 29.
398 2362 485 2416 De
524 2362 729 2416 arbitris
806 2397 1260 2421 ......
1357 2375 1384 2406 υ
1483 2354 1552 2408 ivi

268 2451 362 2506 80.
401 2450 488 2506 De
523 2451 837 2506 venditione
874 2467 1052 2504 rerum
1108 2449 1271 2503 stabi-

408 2535 544 2592 lium
617 2574 1253 2598 ........
1352 2552 1379 2585 n
1485 2545 1551 2599 14

271 2625 346 2681 81.
387 2624 474 2680 De
510 2625 623 2681 iure
660 2624 1035 2697 prothimisios
1064 2661 1079 2677 .
1152 2663 1166 2677 .
1241 2662 1256 2676 .
1356 2641 1384 2673 n
1483 2621 1552 2673 ivi

266 2716 354 2773 82.
389 2715 476 2770 De
515 2714 731 2771 cabellis
798 2748 1255 2770 ......
1357 2732 1384 2763 n
1481 2710 1552 2764 ivi

266 2806 361 2864 88.
395 2805 482 2860 De
520 2803 883 2860 locationibus
922 2804 1214 2858 domorum
1236 2838 1251 2855 .
1352 2820 1381 2853 »
1486 2815 1545 2869 15

265 2898 359 2951 84.
400 2895 487 2949 De
526 2894 717 2949 debitis
755 2911 820 2948 ex
856 2894 997 2966 turpi
1034 2910 1197 2948 causa
1240 2933 1253 2946 .
1354 2910 1383 2942 n
1480 2891 1551 2944 ivi

261 2986 353 3040 88.
391 2983 478 3039 De
514 2983 689 3039 usuris
719 3024 734 3040 .
803 3024 816 3041 .
890 3024 904 3039 .
978 3025 992 3039 .
1065 3021 1080 3037 .
1154 3024 1168 3038 .
1242 3020 1258 3035 .
1358 3003 1383 3034 n
1480 2983 1551 3037 ivi

263 3073 356 3129 88.
393 3072 481 3126 De
518 3072 639 3126 foro
678 3073 1012 3145 competenti
1066 3113 1080 3127 .
1155 3114 1169 3128 .
1355 3091 1382 3124 1>
1479 3073 1548 3127 ivi

268 3159 357 3220 87.
395 3160 640 3226 Quando
677 3161 873 3217 mulier
920 3179 1037 3216 non
1083 3174 1266 3234 potest

405 3267 722 3323 comparere
757 3251 813 3304 in
849 3251 1073 3322 judicic.
1146 3288 1163 3304 .
1236 3291 1250 3306 .
1347 3270 1374 3302 »
1475 3251 1546 3305 ivi

261 3342 350 3398 88.
390 3339 640 3405 Quando
678 3341 796 3414 quis
834 3340 1093 3396 carcerari
1147 3356 1263 3394 non

405 3428 600 3485 debeat
617 3465 1162 3485 .......
1254 3476 1266 3488 .
1352 3450 1381 3480 ιι
1476 3429 1546 3483 ivi

260 3518 353 3575 88.
389 3517 476 3573 De
513 3518 858 3584 contumacia
883 3554 1251 3574 .....
1353 3538 1380 3568 u
1480 3515 1548 3572 16

258 3609 355 3663 40.
391 3606 643 3672 Qualiter
685 3605 956 3663 debitores
1010 3616 1142 3661 sunt
1194 3605 1261 3661 ad

405 3695 741 3754 solutionem
784 3698 1018 3769 cogendi
1062 3733 1077 3750 .
1150 3732 1166 3750 .
1241 3737 1254 3752 .
1350 3715 1377 3748 »
1476 3697 1547 3750 ivi

262 3789 345 3841 41.
382 3786 469 3842 De
504 3787 821 3860 pignoribus
859 3784 1218 3841 distrahendis
1239 3827 1253 3840 .
1357 3806 1384 3837 n
1476 3786 1546 3840 ivi

264 3877 362 3934 42.
388 3874 475 3930 De
512 3875 988 3949 appellationibus.
1060 3912 1076 3929 .
1149 3916 1163 3930 .
1237 3918 1251 3933 .
1346 3893 1375 3927 n
1482 3890 1544 3945 17

262 3966 357 4020 48.
395 3963 481 4019 De
519 3963 793 4019 adulteriis
798 3999 1251 4018 ......
1357 3982 1386 4015 »
1475 3964 1545 4017 ivi

261 4052 364 4110 44.
399 4051 487 4107 De
523 4050 718 4107 duellis
723 4089 1250 4112 .......
1348 4071 1373 4103 ¹⁰
1472 4052 1545 4106 ivi

255 4140 352 4196 48.
388 4139 474 4195 De
512 4140 803 4213 insultibus
842 4152 897 4196 et
952 4140 1262 4213 percussio·

404 4228 564 4284 nibus
567 4264 1255 4286 .........
1350 4247 1377 4279 n
1481 4228 1543 4283 18

1656 478 1748 536 48.
1788 476 1873 531 De
1911 495 2090 549 poena
2127 478 2384 535 defensae
2455 519 2472 535 .
2545 524 2557 537 .
2633 521 2650 537 .
2705 502 2831 557 pag.
2873 486 2937 540 18

1654 567 1748 619 47.
1785 565 1869 619 De
1905 568 2131 622 testibus
2182 607 2644 631 ......
2744 594 2772 626 »
2866 576 2944 628 ἰνί

1656 655 1747 711 48.
1784 655 1976 711 Novae
2013 660 2436 716 constitutiones
2479 660 2651 717 factae

1801 746 1870 798 A.
1910 747 1978 801 D.
2023 763 2176 818 1322,
2216 751 2301 805 die
2336 750 2360 803 I
2400 751 2649 807 Novem-

1801 836 1943 909 bris,
1981 836 2057 906 VJ
2095 838 2422 898 indictionis,
2448 842 2536 896 Ad
2574 843 2657 895 in-

1801 928 2242 997 terpretationem
2282 931 2485 1002 primae
2525 950 2659 986 con-

1802 1014 2126 1085 suetudinis,
2155 1020 2301 1091 quod
2329 1020 2470 1076 male
2498 1038 2662 1093 quae—

1801 1106 1902 1159 sita
1940 1106 2012 1173 (si
2049 1110 2270 1163 maritus
2300 1122 2391 1164 aut
2415 1123 2567 1183 pater
2591 1112 2659 1167 de

1802 1196 1880 1249 eis
1916 1195 2241 1269 disposuerit
2287 1200 2376 1254 vel
2431 1213 2657 1256 testatus

1808 1283 1992 1357 fuerit)
2029 1288 2175 1359 prius
2221 1289 2574 1361 deducantur,
2610 1303 2664 1346 et

1803 1389 1996 1447 postea
2034 1382 2369 1435 remanentia
2412 1382 2559 1436 bona
2583 1382 2663 1436 di-

1803 1464 2054 1522 vidantur
2109 1506 2654 1528 .......
2750 1492 2778 1522 n
2873 1474 2943 1526 ivi

1658 1557 1751 1610 49.
1789 1555 2004 1611 Mortua
2041 1568 2228 1624 matre,
2277 1570 2425 1631 patre
2474 1578 2660 1633 super-

1802 1648 1955 1713 stite,
1995 1665 2157 1720 quam
2214 1660 2422 1722 partem
2477 1651 2654 1706 bono-

1802 1754 1920 1791 rum
1958 1738 2052 1792 filii
2089 1750 2271 1811 petere
2314 1742 2561 1812 possint,
2607 1753 2660 1796 et

1802 1829 1950 1884 venit
1987 1830 2052 1885 ad
2104 1833 2499 1887 correctionem
2553 1834 2661 1905 pri-

1802 1936 1925 1974 mae
1969 1922 2130 1992 partis
2157 1933 2339 1978 sextae
2362 1932 2659 1977 consuetu-

1811 2011 1950 2067 dinis
2015 2048 2653 2070 ........
2749 2032 2776 2062 »
2880 2027 2944 2083 19

1663 2104 1756 2158 80.
1793 2101 1903 2156 Pro
1941 2102 2314 2156 instrumentis
2364 2103 2662 2173 registran-

1805 2190 1887 2244 dis
1933 2226 2651 2249 .........
2753 2211 2782 2241 ιι
2873 2192 2943 2246 ivi

1660 2280 1737 2334 81.
1775 2278 1863 2333 De
1897 2280 2268 2333 instrumentis
2307 2279 2532 2351 publicis
2582 2277 2660 2334 fa-

1807 2368 2011 2423 ciendis
2014 2405 2653 2424 ........
2754 2389 2783 2419 »
2875 2383 2945 2422 20

1663 2458 1756 2511 82.
1796 2457 1883 2511 De
1951 2459 2388 2530 praesentatione
2455 2458 2662 2513 instru-

1803 2559 2116 2601 mentorum
2189 2584 2646 2603 ......
2756 2562 2786 2598 ι
2874 2546 2946 2599 ivi

1663 2636 1755 2690 88.
1792 2634 1872 2690 Ex
1916 2636 2105 2708 quibus
2156 2637 2520 2692 contractibus
2576 2637 2660 2691 ius

1805 2727 2172 2798 prothimisios
2212 2738 2488 2800 competat
2542 2765 2556 2780 .
2632 2763 2647 2779 .
2749 2745 2776 2776 n
2872 2724 2945 2778 ivi

1662 2818 1754 2872 84.
1791 2815 1870 2871 Ex
1908 2815 2098 2888 quibus
2156 2816 2521 2871 contractibus
2571 2817 2658 2887 jus

1807 2903 2178 2975 prothimisios
2231 2914 2506 2978 competat
2531 2945 2546 2970 ,
2606 2915 2661 2958 et

1804 2992 1956 3047 venit
1974 2992 2041 3047 ad
2066 2992 2491 3048 declarationem
2515 3008 2664 3065 prae-

1803 3080 2044 3137 cedentis
2083 3082 2485 3137 constitutionis
2547 3119 2564 3135 .
2636 3117 2654 3135 .
2754 3102 2783 3132 ιι
2874 3095 2936 3135 21

1659 3173 1748 3226 88.
1789 3170 2097 3235 Quomodo
2127 3170 2451 3242 procedatur
2475 3181 2663 3225 contra

1803 3258 2178 3315 calumniosos
2216 3258 2486 3315 debitores
2549 3299 2564 3313 .
2639 3299 2654 3315 .
2750 3276 2779 3310 n
2875 3258 2946 3312 ivi

1657 3350 1749 3406 88.
1787 3348 1873 3402 De
1892 3346 2256 3404 solutionibus
2274 3348 2538 3404 faciendis
2559 3346 2663 3403 Cu·

1800 3435 1911 3491 riae
1948 3452 2048 3508 pro
2086 3437 2202 3507 ejus
2239 3434 2564 3492 labore..
2754 3454 2783 3486 n
2874 3448 2940 3489 22

1963 3523 2262 3595 (Emzromz
2300 3471 2654 3590 CARIDDI).

1655 3613 1746 3669 87.
1785 3612 1872 3666 De
1902 3610 2120 3681 Judaeis
2192 3648 2648 3672 ......
2744 3631 2771 3663 »
2873 3611 2944 3665 ivi

1655 3702 1745 3758 88.
1784 3701 1871 3756 De
1906 3711 2061 3774 raptu
2096 3701 2367 3773 virginum
2457 3741 2470 3755 .
2540 3740 2556 3755 .
2630 3741 2644 3756 .
2747 3721 2776 3751 ιι
2874 3713 2938 3768 23

1654 3790 1747 3846 59.
1786 3789 1872 3844 De
1909 3788 2038 3844 stilo
2076 3801 2129 3844 et
2168 3790 2357 3844 ordine
2397 3788 2590 3843 Curiae
2641 3838 2653 3851 ,
2755 3808 2783 3840 ι»
2875 3789 2944 3843 ivi

1656 3878 1755 3933 80.
1796 3876 2038 3941 Quando
2058 3875 2281 3933 nullitas
2294 3878 2660 3951 promptuaria

1798 3963 2058 4038 impediat
2096 4000 2645 4022 .......
2748 3985 2777 4017 n
2873 3966 2944 4020 ivi

1655 4055 1739 4109 81.
1791 4052 1876 4108 De
1915 4053 2191 4109 advocatis
2218 4064 2273 4109 et
2297 4054 2656 4125 procuratori·

1795 4141 1896 4196 bus
1913 4177 2638 4197 .........
2738 4162 2767 4194 n
2869 4154 2940 4208 24

1784 4228 2023 4302 Capitoli
2064 4228 2153 4285 del
2198 4244 2332 4300 1517
2365 4266 2381 4284 .
2454 4271 2467 4285 .
2541 4267 2558 4285 .
2632 4279 2643 4292 ‚
2742 4250 2770 4283 n
2872 4231 2943 4286 ivi
