3534 5450
1509 346 1826 407 ...17-

505 523 616 586 42.
665 521 762 587 De
809 520 1350 603 appellationibus.

499 676 651 744 Lata
698 678 1009 745 sententia
1076 679 1142 742 in
1209 694 1604 764 praesentem
1681 675 2103 743 incontinenti
2157 675 2231 741 ab
2280 697 2351 741 ea
2407 673 2696 763 appellari
2767 688 2998 760 potest,
3055 689 3255 729 T·A·21

319 784 429 850 vel
476 783 632 850 infra
682 783 982 869 triduum,
1029 784 1080 850 si
1131 785 1254 851 hoc
1309 784 1491 851 fuerit
1540 800 1940 871 protestatuS,
1973 801 2033 849 et
2066 781 2219 849 infra
2250 780 2467 849 decem
2501 781 2633 847 dies
2666 801 2996 868 processus

318 890 454 976 peti
505 908 728 976 potest.
777 890 925 956 Lata
970 889 1280 956 sententia
1328 890 1392 953 in
1440 888 1760 955 absentem
1810 911 1919 975 per
1963 889 2452 969 contumaciam,
2490 886 2565 952 ab
2599 908 2671 951 ea
2703 885 2993 973 appellari
3056 886 3086 956 §
3129 901 3149 937 1

320 1017 465 1060 non
513 1013 762 1083 potest,
833 996 949 1062 nisi
1020 995 1317 1083 quamdiu
1389 994 1583 1082 figura
1651 995 1862 1080 judicii
1931 994 2267 1062 duraverit.
2338 995 2487 1060 Lata
2555 994 2863 1059 sententia
2931 993 2997 1057 in
3061 1007 3085 1059 5

322 1100 654 1167 absentem
703 1120 766 1168 et
804 1124 945 1168 non
996 1123 1101 1189 per
1148 1102 1639 1183 contumaciam,
1685 1119 1896 1189 potest
1924 1102 1976 1166 is
2008 1100 2252 1190 (contra
2284 1122 2473 1189 quem
2507 1100 2995 1187 pronunciatum

322 1207 451 1295 est)
498 1199 821 1307 appellare,
866 1208 920 1273 si
966 1229 1155 1297 quam
1203 1208 1330 1273 cito
1376 1207 1579 1291 scivit,
1625 1208 1689 1273 in
1740 1228 1963 1273 vocem
2019 1205 2449 1297 appellationis
2508 1207 2820 1295 prorupit.
2868 1208 2999 1294 Ap-
3058 1204 3157 1274 §2

321 1312 668 1402 pellatione
711 1292 987 1402 legitime
1029 1314 1184 1380 iacta
1232 1312 1417 1379 debet
1482 1313 1535 1378 is
1605 1314 1711 1400 qui
1781 1312 2109 1400 appellavit
2176 1312 2327 1379 infra
2396 1312 2736 1378 terminum
2784 1309 2901 1376 sibi
2963 1334 2998 1377 a

323 1420 502 1486 curia
533 1437 836 1486 statutum
870 1420 1162 1507 prosequi
1192 1418 1698 1507 appellationem.
1745 1418 1898 1486 Post
1945 1419 2285 1486 terminum
2334 1441 2465 1485 non
2512 1435 2609 1485 est
2651 1416 2996 1484 audiendus

323 1525 450 1590 nisi
498 1525 1038 1613 apparuerit-eum
1084 1548 1160 1592 ex
1205 1525 1365 1610 justa
1411 1547 1595 1591 causa
1643 1524 2057 1612 impeditum,
2105 1526 2447 1613 quominus
2510 1522 2992 1614 appellationem
3062 1533 3128 1576 10

320 1630 487 1696 infra
536 1612 878 1701 terminum
927 1631 1107 1699 fuerit
1151 1648 1542 1720 prosecutuS.
1592 1634 1646 1696 A
1715 1632 2022 1698 sententia
2089 1632 2343 1716 arbitri,
2412 1630 2890 1714 contumaciae,
2937 1647 3001 1696 et
3059 1649 3114 1688 T·
3126 1634 3267 1689 A·26

319 1737 771 1824 possessionis,
780 1735 954 1821 ·,de
939 1758 1073 1824 jure
1117 1737 1574 1825 prothimisiOS,
1606 1736 1686 1802 de
1729 1758 1796 1802 re
1841 1736 1968 1820 vili,
2014 1736 2092 1802 de
2123 1736 2536 1803 divisionibus
2576 1733 3001 1824 praediorum,

320 1824 766 1925 vinearum-,5
804 1840 1175 1926 domorum,
1219 1840 1298 1907 de
1343 1862 1526 1908 cursu
1574 1863 1899 1928 aquarum,
1945 1859 2007 1908 et
2051 1840 2130 1908 de
2174 1843 2348 1930 aquis
2403 1841 2772 1930 pluvialibus
2830 1859 2893 1909 et
2921 1840 3003 1909 de

322 1947 449 2013 viis
495 1944 859 2035 vicmthms
930 1965 993 2014 et
1054 1947 1132 2014 de
1202 1947 1297 2013 his
1365 1947 1671 2013 similibus
1731 1970 1889 2035 quae
1957 1970 2066 2035 per
2140 1949 2596 2035 inspectionem
2665 1948 3002 2015 oculorum

316 2051 787 2157 diffiniuntur:
790 2070 852 2120 et
896 2076 1004 2140 per
1051 2054 1468 2121 instrumenta
1516 2052 1804 2140 publica,
1872 2055 1939 2119 in
2007 2053 2231 2141 quibus
2302 2052 2456 2119 fines
2526 2069 2589 2120 et
2656 2052 3002 2119 divisiones
3063 2074 3123 2127 15

318 2132 707 2243 hujusm'o'di'
742 2160 1169 2242 continentur,
1215 2158 1294 2225 de
1337 2159 1561 2247 quibus
1610 2160 1797 2226 etiam
1844 2161 2185 2226 summarie
2238 2160 2664 2247 cognoscitur,
2697 2158 2998 2246 appellari

318 2286 465 2331 non
504 2242 740 2381 §offpst
787 2264 1083 2332 Similiter
1127 2265 1202 2333 ab
1251 2287 1374 2331 una
1425 2266 1608 2331 uncia
1654 2265 1810 2331 infra
1858 2288 1991 2331 non
2053 2266 2345 2354 recipitur
2412 2264 2765 2355 appellatio.
2839 2265 2994 2331 Item

319 2356 787 2439 condemnatus
832 2371 1226 2438 criminaliter
1272 2372 1352 2438 de
1398 2371 1649 2460 publico
1696 2371 2003 2439 maleficio
2053 2371 2359 2492 appellare
2410 2394 2545 2439 non
2617 2389 2848 2459 potest.
2896 2371 2997 2437 Ab

316 2475 446 2543 illis
464 2492 749 2581 «quoque
796 2477 1160 2544 criminibus
1205 2479 1346 2568 (pro
1392 2477 1615 2565 quibus
1662 2500 1871 2566 poena
1940 2478 2261 2565 sanguinis
2315 2477 2640 2567 infligitur)
2706 2471 3002 2566 appellari
3059 2500 3113 2545 τ.
3125 2501 3182 2541 Α.
3198 2500 3263 2556 27

319 2604 499 2651 non·
486 2558 720 2651 -deffen
3056 2607 3126 2646 20

436 2733 613 2852 ..²AE
664 2747 759 2811 De
804 2746 1146 2812 adulteriis.

378 2871 479 2940 ὀ·
454 2881 567 2976 ’ᾖ
617 2904 874 2970 maritus
908 2925 1170 2970 uxorem
1203 2903 1267 2970 in
1300 2904 1439 2991 ipso
1471 2921 1609 2971 actu
1644 2903 1923 2971 adulterii
1959 2904 2516 2991 depraehenderit,
2563 2924 2693 2972 tam
2727 2929 2993 2975 uxorem
3056 2928 3111 2967 τ.
3125 2925 3257 2979 Α.4ῐ

313 2991 537 3102 quam.
566 3008 915 3076 adulterum
963 3009 1247 3075 occidere
1292 3008 1517 3093 licebit,
1565 3010 1732 3076 nulla
1779 3028 1990 3077 tamen
2040 3032 2217 3077 mora
2278 3030 2610 3098 protracta.
2681 3014 2809 3079 Lex
2857 3035 2993 3079 ma-

317 3109 520 3228 titan
565 3117 860 3183 lenocinii
907 3138 1110 3203 poena
1155 3116 1449 3182 cohercet
1494 3118 1599 3204 qui
1658 3138 1924 3183 uxorem
1993 3117 2057 3182 in
2128 3116 2431 3183 adulterio
2501 3117 2991 3206 depraehensam

288 3197 624 3340 κῐῖώίϊ,
669 3222 1142 3312 adulterumque
1186 3222 1464 3307 dimisit,
1511 3223 1629 3289 nisi
1678 3223 1837 3289 forte
1882 3223 2016 3289 sine
2063 3223 2243 3312 culpa
2288 3246 2399 3290 sua
2445 3223 2546 3289 ille
2594 3224 2893 3312 diffugiat.
3054 3243 3117 3296 25

252 3411 277 3426 ·
302 3373 399 3488 ’.ᾗ
418 3423 449 3446 ·
508 3388 622 3451 44.
671 3387 765 3450 De
811 3385 1054 3450 duellis.

270 3547 349 3596 ..¹
510 3544 606 3609 De
652 3542 982 3611 maledicto
1028 3542 1321 3631 principis
1374 3539 1651 3608 duellum
1708 3564 1842 3609 non
1908 3542 2277 3612 admittitur.
2349 3544 2447 3611 De
2515 3544 2775 3611 crimine
2842 3566 2992 3611 vero
3052 3562 3107 3602 τ.
3125 3562 3261 3620 Α.39

264 3650 490 3717 ·lesae
534 3648 871 3733 Maiestatis
917 3648 980 3713 in
1028 3646 1224 3713 tribus
1270 3644 1515 3714 casibus
1560 3646 1794 3714 scilicet
1837 3649 1889 3713 si
1958 3649 2096 3736 quis
2164 3666 2382 3715 contra
2453 3649 2645 3715 vitam
2702 3649 2995 3738 principis

218 3767 239 3840 ξ
319 3745 798 3843 conspiraverit,
830 3754 927 3820 vel
962 3753 1352 3820 machinatus
1397 3752 1579 3820 fuerit
1623 3753 1797 3841 quod
1845 3773 2070 3821 terram
2117 3755 2381 3838 amittat,
2428 3773 2535 3821 aut
2589 3753 2803 3821 salsam
2852 3777 2993 3821 rno-

266 3878 534 3928 ,netam
583 3859 838 3926 cuderit.
884 3859 1041 3926 Item
1087 3857 1169 3924 de
1214 3858 1592 3942 homicidiis,
1640 3860 1716 3925 de
1762 3859 1981 3945 furtis,
2030 3860 2109 3926 de
2156 3862 2386 3947 rapinis
2441 3879 2503 3927 et
2551 3860 2627 3926 de
2678 3860 2994 3927 maleficiis
3052 3883 3118 3937 30

258 3949 443 4074 ··.·pro
488 3965 713 4053 quibus
761 3965 887 4032 vita
932 3964 1030 4031 vel
1080 3965 1433 4030 membrum
1494 3966 1696 4031 amitti
1764 3964 2026 4048 debeat,
2097 3965 2375 4032 duellum
2444 3966 2792 4033 admittitur
2862 3985 2989 4034 tam

263 4073 545 4138 S'contra
589 4088 947 4138 accusatum
996 4093 1185 4157 quam
1230 4090 1452 4139 contra
1498 4092 1922 4155 accusantem,
1967 4094 2156 4160 quam
2206 4091 2424 4139 contra
2472 4090 2679 4140 testes.

479 4350 503 4403 5
544 4319 1073 4407 figuram‘CARmm,
1113 4337 1411 4415 ngt’rwro.
1450 4368 1516 4379 —
1554 4339 1874 4395 BRUNNECK
1913 4358 2173 4413 corregge
2222 4343 2397 4409 flaura
2449 4339 2680 4395 dicendo
2720 4357 2898 4394 errore
2939 4341 2990 4394 di

327 4425 556 4497 Appulo
588 4424 599 4496 Ι
633 4439 698 4494 32
737 4425 973 4481 APPULo
1013 4436 1177 4480 nota:
1224 4447 1249 4478 α
1274 4426 1380 4481 Ubi
1417 4428 1560 4483 hanc
1597 4428 1795 4506 legeris
1821 4429 1940 4482 vide
1959 4429 2294 4507 imperialem
2322 4431 2768 4488 constitutionem
2795 4447 2995 4488 mono-

327 4514 607 4572 machiam
644 4531 770 4573 cum
807 4515 864 4570 fi.
898 4515 978 4569 Io.
1013 4532 1099 4592 pe.
1139 4533 1223 4594 ap.
1254 4535 1282 4568 »
