3534 5450
1404 429 1488 445 ....
1518 398 1567 459 ο
1609 427 1687 443 ....

206 507 424 595 quoad
471 508 860 577 usufructum
905 509 1023 578 sibi
1069 510 1334 578 retinere
1379 514 1588 598 potest
1610 564 1628 595 ,
1669 509 2050 598 proprietate
2116 524 2328 575 tamen
2368 507 2503 574 fifio
2551 524 2881 591 reservata,

202 612 416 679 donec
465 613 541 681 ad
587 615 861 682 secunda
908 633 1056 684 vota
1114 615 1460 683 *convolare
1522 615 1815 683 noluerit.
1885 615 1948 680 Si
2003 635 2155 680 vern
2201 611 2541 679 secundam
2613 634 2877 679 uxorem

202 717 455 785 duxerit
482 772 499 801 ,
546 717 707 785 filius
776 720 1173 789 medietatem
1223 719 1579 788 usufructus
1633 720 1883 787 alterius
1948 741 2099 786 suae
2168 719 2392 785 terciae
2439 718 2623 804 partis
2672 733 2882 804 petere

204 839 442 910 potest,
478 823 665 891 altera
714 824 1047 893 medietate
1093 828 1249 913 patri
1296 845 1678 892 remanente.
1727 827 1907 892 Patre
1953 843 2161 891 autem
2213 839 2491 906 mortun,
2535 841 2728 889 matre
2774 842 2879 888 su-

206 930 487 1015 perstite,
520 935 570 995 si
605 929 766 995 filius
815 932 879 997 in
927 934 1253 998 communi
1301 954 1447 999 cum
1496 952 1692 998 matre
1742 933 1951 997 vivere
1996 930 2287 1013 noluerit,
2318 925 2472 995 duas
2520 949 2722 1016 partes
2761 927 2881 994 sibi
2941 951 2965 1004 5

206 1051 665 1120 competenteS,
714 1057 749 1100 a
796 1049 993 1101 matre
1038 1032 1169 1122 ipse
1215 1032 1375 1100 filius
1424 1050 1631 1124 petere
1675 1054 1908 1124 potest.

390 1195 451 1258 7.
500 1193 755 1276 Quando
802 1201 980 1277 pater·
1025 1199 1121 1260 vei
1168 1202 1368 1261 mater·
1413 1216 1555 1261 cum
1602 1200 1798 1261 ter-cia
1845 1217 1955 1261 sua
2001 1199 2222 1261 transit
2259 1197 2334 1260 ad
2383 1195 2656 1260 secunda
2715 1200 2879 1273 vota,

211 1299 529 1380 quomodo
574 1301 681 1364 fliii
728 1303 907 1382 primi
955 1307 1019 1366 et
1063 1303 1321 1366 secundi
1369 1304 1740 1367 matrimonii
1787 1303 2127 1367 succedant
2174 1304 2230 1366 in
2289 1303 2424 1365 eius
2467 1301 2659 1364 ter-cia
2707 1318 2882 1382 prae-

214 1408 444 1472 mortui
491 1407 568 1471 ab
614 1408 927 1474 intestato.

390 1563 504 1629 Vir
529 1582 923 1650 praemortua
955 1588 1153 1633 uxore
1184 1567 1281 1634 vel
1315 1589 1474 1634 uxor
1508 1581 1919 1656 praemortuo
1953 1568 2111 1648 vir0,
2142 1566 2218 1631 ad
2250 1565 2522 1632 secunda
2556 1584 2699 1633 vota
2732 1586 2880 1631 cum
2942 1583 3007 1625 ιο

214 1671 402 1740 tercia
433 1692 542 1737 sua
575 1669 763 1737 libere
794 1689 1000 1758 potest
1029 1675 1311 1756 transire,
1343 1693 1405 1742 et
1437 1675 1621 1740 tercia
1654 1674 1754 1739 illa
1786 1694 1932 1739 cum
1966 1673 2148 1739 bonis
2193 1672 2447 1738 secundi
2498 1672 2608 1738 viri
2656 1670 2755 1736 vel
2785 1692 2884 1738 se·
2940 1693 3107 1746 T.A.3

214 1776 461 1845 eundae
514 1778 773 1861 uxoriS‚
818 1780 981 1867 natis
1027 1779 1210 1864 filiis,
1257 1803 1457 1846 unum
1506 1802 1736 1867 corpus
1781 1778 2089 1862 efficitur,
2136 1801 2265 1867 quo
2314 1799 2570 1844 mortuo
2619 1777 2715 1844 vel
2762 1799 2884 1866 qua

216 1899 469 1949 mortua
500 1882 577 1948 ab
610 1884 905 1951 intestato
937 1886 1154 1952 omnia
1186 1885 1353 1952 bona
1386 1886 1484 1952 illa
1519 1887 1582 1951 in
1617 1904 1739 1952 tres
1764 1904 1970 1972 partes
1993 1884 2371 1968 dividuntur,
2402 1905 2675 1971 quorum
2700 1883 2884 1949 tercia

212 1987 477 2055 debetur
531 1989 668 2054 viro
716 1989 811 2055 vel
859 1991 1039 2056 uxori
1099 1992 1522 2079 superviventi
1568 2009 1630 2057 et
1685 1989 1874 2057 altera
1936 1991 2120 2056 tercia
2189 1989 2328 2055 filiis
2396 1988 2556 2054 illius
2624 1987 2881 2054 secundi

213 2095 620 2161 matrimonii.
696 2095 765 2160 In
812 2096 1044 2183 reliqua
1089 2098 1277 2163 tercia
1325 2098 1709 2184 praemortui
1782 2117 1909 2163 tam
1980 2096 2086 2162 filii
2157 2096 2342 2183 primi
2394 2116 2581 2181 quam
2628 2094 2883 2160 secundi
2943 2113 3002 2166 15

211 2202 598 2267 matrimonii
648 2204 995 2269 succedunt
1039 2204 1103 2268 in
1152 2204 1369 2291 capita.
1439 2204 1503 2271 Si
1550 2226 1702 2269 vero
1751 2221 2204 2270 testamentum
2260 2199 2657 2282 condiderit,
2699 2219 2762 2267 et
2804 2198 2884 2266 de

210 2299 397 2375 tercia
429 2329 540 2373 sua
572 2305 733 2373 filios
782 2309 966 2396 primi
1014 2308 1402 2377 matrimonii
1435 2333 1567 2377 non
1603 2310 2063 2397 recognoverit,
2109 2325 2405 2395 tanquam
2462 2305 2538 2375 ab
2585 2304 2883 2373 intestato

208 2407 496 2479 similiter
540 2412 904 2482 succedunt.
2091 2406 2144 2449 ⁹

387 2574 451 2637 8.
501 2572 675 2637 Unde
719 2572 1011 2638 solvenda
1044 2575 1169 2640 sint
1199 2572 1407 2640 debita
1431 2576 1566 2641 eius
1597 2576 1701 2659 qui
1734 2574 1814 2640 de
1846 2576 2049 2680 minio
2081 2577 2146 2639 et
2175 2573 2454 2638 secundo
2493 2568 2883 2638 matrimonio

204 2679 369 2744 iiiios
415 2680 714 2761 suscepit.
2936 2698 3006 2737 20

391 2835 617 2904 Debita
661 2860 820 2925 quae
865 2857 1165 2926 apparent
1211 2839 1376 2907 facta.
1414 2857 1700 2928 tempore
1746 2841 1934 2929 primi
1983 2840 2391 2921 matrimonii,
2438 2840 2596 2906 solvi
2651 2838 2883 2905 debent
2937 2858 3109 2910 T.A.4

203 2940 287 3008 de
320 2939 506 3007 bonis
539 2940 810 3007 filiorum
844 2944 1027 3030 primi
1055 2946 1436 3014 matrimonii
1462 2964 1523 3013 et
1548 2946 1625 3011 de
1649 2947 1858 3028 tercia,
1891 2967 2078 3032 quarn
2107 2962 2277 3032 pater
2301 2943 2400 3009 vel
2425 2960 2621 3010 mater
2652 2943 2726 3012 ab
2758 2942 2874 3008 illis

201 3045 346 3114 filiis
377 3046 607 3131 divisit,
657 3068 801 3113 cum
862 3071 982 3136 qua
1030 3050 1103 3116 ad
1137 3052 1409 3118 secunda
1447 3069 1588 3119 vota
1621 3051 1920 3119 transivit.
1951 3052 2171 3118 Debita
2203 3072 2353 3116 vero
2399 3049 2557 3116 facta
2592 3068 2873 3136 tempore

197 3152 460 3218 secundi
494 3154 878 3220 matrimonii
925 3156 1083 3221 solvi
1129 3155 1358 3224 debent
1402 3157 1480 3223 de
1528 3157 1716 3223 bonis
1763 3157 2019 3224 secundi
2064 3156 2448 3222 matrimonii
2496 3172 2560 3220 et
2588 3153 2667 3219 de
2698 3173 2873 3242 prae-

200 3258 371 3325 dicta
419 3262 605 3324 tercia
651 3282 812 3347 quae
856 3281 1001 3327 cum
1052 3262 1197 3349 ipsis
1243 3262 1449 3346 bonis,
1496 3264 1655 3330 natis
1704 3262 1888 3344 filiis,
1945 3265 2204 3329 confusa
2250 3277 2364 3329 est.
2437 3259 2659 3327 Debita
2726 3281 2875 3325 vero
2935 3281 2998 3334 25

199 3384 368 3451 quae
413 3363 857 3432 rationabiliter
903 3363 1058 3432 facta
1106 3369 1500 3454 apparuerint
1547 3367 1760 3435 medio
1807 3386 2090 3455 tempore
2134 3367 2294 3433 inter
2342 3367 2617 3454 primum
2663 3384 2725 3432 et
2771 3386 2868 3430 se-

126 3487 141 3498 ·
199 3466 487 3536 cundum
539 3470 1031 3554 matrimonium,
1076 3471 1157 3539 de
1201 3470 1651 3538 communibus
1699 3471 1885 3539 bonis
1931 3471 2092 3540 solvi
2137 3470 2389 3538 debent.

390 3633 452 3695 9.
502 3632 651 3698 Ι-ἼΙίο
698 3629 1016 3710 defuneto,
1064 3636 1241 3715 patre
1287 3637 1352 3698 et
1398 3638 1598 3699 matre
1643 3635 2030 3710 viventibuS,
2079 3634 2179 3697 cui
2226 3633 2409 3697 cedat
2472 3631 2606 3697 eius
2653 3631 2879 3716 por-tio,

206 3740 278 3804 et
311 3754 388 3801 eo
419 3755 566 3801 casu
615 3739 1036 3820 subsequente
1069 3744 1269 3804 morte
1309 3743 1523 3821 patr-is,
1556 3742 1702 3822 quid
1736 3742 1884 3805 iuris
1917 3741 2139 3805 habeat
2166 3757 2321 3824 uxor·
2354 3742 2409 3803 in
2445 3740 2621 3804 bonis
2654 3740 2875 3804 mariti.

380 3893 537 3960 Filio
566 3912 717 3961 nato
749 3913 811 3962 et
842 3915 1271 3982 praemortuO,
1305 3916 1478 3983 patre
1523 3915 1587 3964 et
1633 3916 1830 3964 matre
1861 3897 2312 3984 superstitibus,
2344 3896 2605 3984 quilibet
2651 3919 2874 3963 eorum
2935 3918 3003 3972 30

191 4001 265 4066 in
316 3999 501 4066 tercia
549 4000 709 4066 illius
758 4024 873 4089 pro
919 4000 1172 4068 dimidia
1222 4022 1393 4089 parte
1439 4004 1761 4084 succedit,
1804 4023 1865 4071 et
1911 4005 1998 4068 sic
2046 4003 2259 4068 omnia
2306 4003 2472 4069 bona
2519 4021 2665 4069 sunt
2713 4006 2872 4069 inter
2932 4025 3141 4065 T.A.1o

203 4126 321 4170 eos
368 4108 752 4173 communia.
804 4108 878 4174 Et
925 4108 987 4171 in
1037 4108 1159 4174 hoc
1207 4130 1375 4189 casu,
1424 4112 1561 4175 viro
1605 4108 1925 4192 defunct0‚
1976 4131 2136 4174 uxor
2182 4127 2492 4195 superstes
2539 4109 2871 4194 optionem

352 4348 383 4388 2
423 4334 717 4390 convolare
742 4337 972 4392 voluerit
1001 4336 1239 4403 Gnmm,
1278 4339 1578 4404 HARTwic,
1617 4357 1646 4392 e
1686 4339 1999 4394 BRUNNECK
2030 4339 2041 4408 Ι
2078 4354 2137 4407 15
2178 4338 2383 4409 reliqua
2425 4338 2573 4392 enim
2612 4336 2869 4401 Caluum,

197 4423 496 4479 Han-rwm
531 4440 562 4478 e
599 4424 912 4480 BRUNNECK
943 4425 954 4496 Ι
987 4441 1054 4497 29
1090 4427 1145 4480 in
1185 4427 1340 4481 bonis
1400 4429 1557 4484 matri
1615 4428 1900 4483 HARTwm
1938 4445 1966 4481 e
2004 4428 2334 4482 BRUNNECK.
2383 4426 2577 4481 Invece
2633 4427 2870 4481 APPULO

197 4514 278 4569 ha
318 4514 514 4568 mariti.
551 4512 881 4578 BRUNNECK,
922 4513 1192 4569 credendo
1231 4514 1283 4572 al
1323 4514 1486 4574 solito
1526 4514 1561 4575 l’
1584 4532 1762 4572 errore
1801 4515 1855 4569 di
1892 4514 2131 4592 Appulo‚
2168 4515 2439 4590 aggiunge
2468 4512 2568 4572 che
2597 4514 2871 4570 dovrebbe

196 4601 443 4678 leggersi
483 4603 992 4663 matrimonialibus,
