3534 5450
487 1795 554 1834 10

480 2855 551 2896 20

477 3387 542 3439 25

474 3910 545 3966 30

474 4439 537 4494 35

1815 407 1890 418 ...
1932 375 1974 433 6
2018 406 2092 419 .-

1237 493 1754 569 PREFAZIONE
1799 493 1887 568 DI
1929 495 2304 572 ALFONSO
2350 497 2689 572 CARIDDI

895 618 986 694 alla
1040 617 1244 693 ΕίΙΙΖΙῦΙΕ
1302 617 1419 694 (lelle
1477 619 1797 696 consuetudin!
1855 620 1897 696 (ll
1955 621 2157 697 ”essm
2208 622 2327 698 [atla
2381 622 2423 698 11
2483 622 2686 699 ΡἏΙΕΙΊΙΙθ
2745 625 2815 700 Hel
2870 624 3000 701 1559.

787 806 1167 892 Alphonsus
1217 806 1608 891 eharyhdus
1659 810 1728 875 ν.
1781 810 1825 875 Ι.
1877 811 1947 875 u.
1998 809 2480 877 messanensis.

789 929 888 995 Ad
936 929 1229 999 LectoreS.

787 1036 1121 1116 Quantum
1166 1035 1332 1123 apud
1381 1036 1679 1103 mortales
1726 1038 1856 1103 sint
1901 1039 1963 1102 in
2014 1038 2299 1104 humano
2344 1060 2576 1123 genere
2629 1040 2976 1105 necessaria
3043 1041 3297 1107 Statura

608 1160 672 1207 et
714 1140 1224 1208 Consuetudines
1270 1143 1335 1207 in
1390 1142 1769 1225 civitatibuS,
1801 1144 2224 1210 Athenienses
2279 1144 2848 1231 Lacedemoniique
2895 1147 2958 1210 in
3009 1144 3296 1233 pluribus

607 1264 975 1314 attestantur
1018 1246 1449 1314 voluminibus
1497 1270 1530 1313 a
1577 1248 1803 1336 quibus
1851 1251 2163 1336 originem
2210 1270 2569 1333 traxerunt,
2619 1269 2690 1317 ut
2742 1251 2903 1336 glos.
2972 1252 3176 1339 inquit
3225 1255 3295 1318 in

605 1353 647 1421 l.
694 1354 755 1440 ij.
803 1352 866 1421 ff.
913 1353 993 1421 de
1038 1357 1196 1440 orig.
1243 1354 1357 1440 jur.
1412 1356 1530 1421 [sta
1577 1376 1729 1420 vero
1769 1355 2037 1436 Statura,
2069 1356 2305 1421 nedum
2354 1356 2616 1423 firmiter
2660 1356 3084 1445 stabiliterque
3118 1357 3292 1422 Mes·

606 1482 793 1528 sanae
837 1483 1083 1549 suoque
1128 1462 1434 1528 districtui
1479 1461 1873 1527 observanda
1919 1462 2251 1545 videntur,
2298 1463 2407 1528 sed
2454 1485 2488 1527 a
2557 1463 2780 1528 maiori
2846 1480 3020 1550 parte
3087 1465 3291 1529 totius

607 1569 801 1654 regni.
849 1568 928 1634 Et
970 1567 1133 1633 dicta
1180 1566 1351 1633 fuere
1397 1568 1641 1634 Statuta
1693 1591 1804 1634 seu
1837 1567 2350 1636 Consuetudines
2381 1569 2755 1634 parisienses
2786 1590 2896 1633 seu
2929 1567 3293 1634 Gallicanae

610 1673 807 1764 [quia]
855 1696 934 1739 ex
978 1673 1254 1739 filiorum
1301 1675 1622 1740 nativitate
1691 1674 2012 1740 bonorum
2069 1676 2360 1740 omnium
2408 1674 2701 1740 confusio
2746 1672 3168 1757 efficiebatur,
3214 1694 3293 1741 ut

605 1777 835 1844 dixisse
878 1799 1194 1866 repertum
1243 1800 1338 1845 est
1384 1779 1558 1846 loan.
1607 1778 1778 1845 And.
1826 1779 1891 1842 in
1942 1777 2086 1843 add.
2135 1776 2212 1843 ad
2259 1777 2490 1866 Specu.
2536 1779 2602 1842 in
2651 1778 2792 1845 titu.
2861 1776 2943 1843 de
2994 1779 3291 1845 instrum.

605 1884 788 1951 edicti
833 1885 872 1975 ξ
919 1885 1396 1973 compendiose,
1429 1907 1591 1952 vers.
1625 1885 1777 1972 quid
1809 1886 1890 1949 sit
1936 1883 2014 1949 de
2045 1884 2527 1951 cousuetudine.
2558 1883 2731 1949 Idem
2764 1880 3035 1949 affirmat
3064 1881 3285 1951 Oldra.

602 1993 670 2058 in
716 2014 895 2061 cons,
942 2015 1061 2059 suo
1108 1993 1236 2080 248
1281 1993 1470 2079 incip.
1518 1991 1995 2080 praesupposita
2040 2009 2156 2058 etc.
2203 1991 2438 2057 situato
2507 1989 2625 2057 sub
2695 1989 2832 2058 rub.
2891 1989 2972 2055 de
3015 2010 3288 2055 consue-

603 2098 760 2167 tudi.
806 2117 869 2165 et
914 2098 1046 2165 Pet.
1092 2097 1172 2165 de
1221 2098 1462 2165 Ancha.
1515 2100 1578 2163 in
1628 2120 1808 2163 conS.
1856 2120 1978 2163 suo
2034 2100 2146 2183 163
2198 2098 2390 2184 incip.
2452 2097 2602 2162 visis
2645 2094 2972 2182 diligenter
3039 2097 3104 2161 in
3151 2118 3285 2182 quo

602 2204 711 2271 dat
755 2204 1082 2293 pulchram
1112 2203 1601 2271 declarationem
1650 2203 1726 2269 ad
1760 2206 1953 2270 istum
1987 2204 2264 2291 primum
2296 2202 2636 2284 Statutum,
2662 2200 2767 2267 ubi
2798 2201 2986 2269 etiam
3011 2223 3285 2268 consue-

603 2309 888 2378 tudinem
933 2308 1318 2375 Gallicanam
1344 2308 1630 2397 appellat,
1662 2332 1740 2375 ex
1771 2308 1998 2397 quibus
2032 2310 2269 2375 censeri
2302 2325 2511 2395 potest
2540 2305 2727 2373 talem
2754 2306 3281 2374 consuetudinem

607 2416 1039 2483 introductam
1086 2437 1224 2481 esse
1269 2438 1304 2480 a
1352 2415 1567 2499 Gallis,
1615 2436 1903 2503 tempore
1945 2437 2076 2502 quo
2122 2414 2197 2479 ab
2251 2415 2398 2502 ipsis
2438 2435 2702 2498 regnum
2734 2432 3113 2501 occupatum
3145 2435 3282 2480 esse

605 2538 875 2604 constat,
920 2542 1196 2608 quorum
1247 2519 1454 2586 adhuc
1500 2539 1922 2588 monumenta
1970 2523 2257 2587 visuntur
2301 2542 2379 2585 ex
2423 2519 2655 2586 crudeli
2716 2517 3046 2585 Gallorum
3092 2517 3281 2583 caede

605 2649 639 2692 a
671 2625 891 2692 Siculis
924 2625 1087 2706 data,
1119 2624 1295 2691 nullo
1326 2647 1511 2691 sexus
1542 2624 1902 2692 discrimine
1933 2626 2169 2710 habito,
2201 2626 2373 2713 quod
2410 2624 2647 2712 Vesper
2692 2623 2973 2689 Siculum
3014 2622 3270 2689 dictum.

604 2733 902 2798 Attamen
935 2730 1015 2798 D.
1063 2730 1229 2797 Abb.
1262 2730 1412 2797 dicit
1441 2729 1757 2797 Statutum
1789 2733 1915 2797 hoc
1948 2732 2277 2798 conditum
2311 2732 2847 2818 compilatumque
2878 2752 2912 2795 a
2944 2730 3271 2797 Frederico

601 2837 1009 2924 Imperatore,
1056 2855 1127 2903 ut
1173 2854 1434 2903 testatur
1480 2836 1613 2925 ipse
1661 2838 1725 2902 in
1772 2837 1995 2905 consil.
2040 2860 2160 2904 suo
2210 2840 2284 2923 63
2340 2839 2529 2925 incip.
2578 2837 2821 2903 videtur
2891 2838 3100 2924 primo
3153 2856 3268 2904 etc.

603 2942 668 3007 in
715 2941 925 3030 primo
970 2942 1145 3010 volu.
1199 2942 1305 3008 ubi
1376 2942 1452 3008 ad
1508 2941 1766 3031 plenum
1839 2942 2338 3009 commentando
2402 2942 2672 3009 declarat
2737 2942 3057 3008 Statutum
3127 2943 3268 3024 hoc,

599 3049 1095 3136 societatemque
1138 3050 1303 3115 inter
1347 3050 1577 3131 virum,
1624 3070 1912 3132 uxorem,
1958 3066 2018 3114 et
2049 3047 2233 3131 filios,
2271 3047 2676 3126 ,omnifariam
2721 3048 2945 3114 inesse.
2977 3047 3152 3112 Haec
3180 3065 3272 3113 est

603 3153 703 3220 illa
750 3154 982 3221 nobilis
1025 3155 1573 3242 vetustissimaque
1616 3156 1833 3220 civitas
1881 3154 2167 3221 Messana
2213 3178 2247 3220 a
2293 3152 2532 3242 populo
2586 3153 2943 3240 Senatuque
2974 3152 3270 3218 Romano

600 3258 991 3347 praedilecta,
1038 3261 1448 3347 plurimisque
1491 3260 1826 3348 privilegiis
1871 3258 2184 3343 decorata,
2230 3282 2390 3346 quae
2440 3281 2629 3325 suum
2690 3259 3129 3340 constrictum,
3175 3257 3271 3324 di-

599 3368 1035 3455 strictumque,
1080 3368 1353 3433 maxima
1398 3367 1845 3452 iurisdictione,
1892 3369 2197 3455 plenaque
2242 3383 2551 3456 potestate
2606 3365 2815 3448 habet,
2863 3383 2990 3431 tam
3023 3386 3100 3429 ex
3135 3386 3268 3431 uno

600 3474 925 3561 alteroque
970 3473 1180 3558 latere,
1226 3475 1292 3539 in
1339 3492 1477 3540 toto
1525 3496 1677 3540 vero
1725 3496 1921 3561 regno
1970 3474 2205 3540 nullam
2254 3492 2462 3539 extare
2529 3473 2843 3539 civitatem
2915 3470 3268 3537 districtum

600 3578 943 3648 habentem
988 3599 1388 3666 compertum
1434 3597 1550 3663 est,
1599 3581 1716 3646 nisi
1762 3580 1966 3647 solam
2014 3600 2076 3647 et
2130 3582 2378 3646 unicam
2412 3580 2811 3646 Messanam:
2846 3600 2992 3643 nam
3028 3577 3107 3642 de
3138 3577 3268 3642 iure

598 3706 792 3750 nemo
836 3683 1192 3750 districtum
1241 3684 1450 3767 habet,
1497 3686 1613 3751 nisi
1659 3685 1835 3752 solus
1895 3687 2242 3774 Imperator
2269 3741 2286 3769 ,
2331 3707 2466 3752 non
2513 3686 2759 3771 Reges,
2828 3705 2964 3750 non
3035 3683 3265 3766 Duces,

597 3790 1021 3872 MarchioneS,
1067 3790 1164 3855 vel
1209 3790 1517 3874 ComiteS,
1566 3813 1633 3857 ut
1678 3793 1883 3878 inquit
1930 3815 2063 3858 non
2113 3792 2321 3857 minus
2366 3790 2673 3877 exquisite
2718 3811 2907 3876 quam
2953 3786 3265 3874 eleganter

597 3895 676 3963 D.
724 3893 934 3962 Cardi.
981 3895 1048 3960 in
1094 3894 1381 3961 Clemen.
1432 3894 1469 3979 ij
1519 3896 1556 3985 ξ
1603 3916 1672 3963 ut
1717 3895 1895 3980 illud,
1943 3897 2022 3963 de
2068 3919 2133 3962 re
2178 3897 2326 3962 iudi.
2377 3919 2435 3984 q.
2485 3897 2525 3962 i.
2574 3893 2785 3961 Hodie
2818 3914 2971 3959 vero
3017 3894 3084 3958 in
3131 3909 3265 3959 tota

593 4002 718 4068 fere
763 4001 930 4068 Italia
977 4023 1170 4068 nemo
1215 4001 1567 4068 districtum
1614 4000 1840 4068 habere
1886 4003 2180 4085 cernitur,
2228 4003 2346 4068 nisi
2391 4001 2819 4068 communitas
2850 4000 3261 4066 Venetiarum

594 4126 658 4174 et
678 4106 1053 4187 Florentiae,
1082 4126 1153 4174 ut
1182 4124 1507 4174 attestatur
1526 4106 1618 4175 10.
1645 4105 1816 4175 And.
1843 4107 1907 4173 in
1934 4128 1987 4174 c.
2015 4126 2083 4175 ut
2114 4108 2488 4190 animarum,
2514 4106 2812 4196 §statuto
2856 4103 2936 4172 de
2965 4103 3260 4171 constitu.

593 4211 698 4279 lib.
749 4214 810 4294 6,
855 4228 920 4278 et
963 4210 1144 4279 Alex.
1189 4214 1257 4279 in
1299 4210 1340 4280 l.
1390 4212 1684 4301 pupillus,
1729 4213 1766 4302 S
1813 4213 2198 4280 territorium
2242 4211 2305 4280 ff.
2334 4211 2410 4278 de
2454 4209 2623 4278 verb.
2664 4210 2850 4298 signi.
2880 4211 2950 4276 in
2995 4208 3137 4276 add.
3183 4206 3262 4274 ad

594 4318 734 4385 Bar.
777 4318 991 4386 scribit
1035 4317 1191 4405 Fily.
1239 4335 1386 4406 post
1428 4340 1605 4386 cano,
1658 4320 1725 4384 in
1773 4341 1828 4387 c.
1876 4317 2273 4406 Rodulphus,
2327 4338 2519 4401 extra,
2548 4316 2629 4384 de
2661 4317 2938 4403 rescript.
2969 4316 3036 4381 in
3065 4312 3261 4382 verbo

594 4422 929 4491 districtus.
954 4421 1153 4489 Multa
1181 4425 1349 4489 enim
1382 4425 1635 4492 deerant
1665 4426 1727 4491 in
1754 4427 1955 4512 prima
1986 4426 2398 4508 impressione
2427 4440 2679 4507 statuta,
2702 4444 2863 4510 quae
2885 4418 3086 4488 modo
3112 4434 3263 4486 sunt

596 4529 991 4615 superaddita
1037 4528 1111 4594 ab
1159 4530 1536 4616 impressore
1580 4532 1656 4598 ad
1706 4534 2019 4597 honorem
2051 4549 2112 4597 et
2142 4531 2408 4618 gloriam
2442 4531 2556 4595 Dei
2590 4548 2654 4596 et
2684 4548 3099 4596 communem
3138 4524 3261 4591 uti-

595 4633 833 4701 litatem
883 4634 1075 4700 totius
1123 4653 1372 4702 nostrae
1419 4636 1899 4726 Reipubblicae,
1947 4637 2238 4704 maximis
2307 4635 2527 4723 vigiliis
2597 4651 2659 4702 et
2706 4629 3259 4713 lucubrationibus„

599 4736 946 4806 forensibus
971 4742 1409 4808 controversiis
1434 4742 1734 4829 perutilia.
1759 4741 1981 4810 Valete
2012 4739 2442 4828 benignissimi
2467 4739 2753 4822 lectoreS‚
2783 4738 2907 4807 mei
2930 4753 3269 4806 memores.
