<?xml version="1.0" encoding="UTF-8"?>
<!DOCTYPE html PUBLIC "-//W3C//DTD XHTML 1.0 Transitional//EN"
    "http://www.w3.org/TR/xhtml1/DTD/xhtml1-transitional.dtd">
<html xmlns="http://www.w3.org/1999/xhtml" xml:lang="en" lang="en">
 <head>
  <title>
</title>
<meta http-equiv="Content-Type" content="text/html;charset=utf-8" />
  <meta name='ocr-system' content='tesseract 3.04.00' />
  <meta name='ocr-capabilities' content='ocr_page ocr_carea ocr_par ocr_line ocrx_word'/>
</head>
<body>
  <div class='ocr_page' id='page_1' title='image "./consuetudinidel00itagoog_0017.png"; bbox 0 0 3534 5450; ppageno 0'>
   <div class='ocr_carea' id='block_1_1' title="bbox 1405 394 1719 454">
    <p class='ocr_par' dir='ltr' id='par_1_1' title="bbox 1405 394 1719 454">
     <span class='ocr_line' id='line_1_1' title="bbox 1405 394 1719 454; baseline 0 -14"><span class='ocrx_word' id='word_1_1' title='bbox 1405 394 1719 454; x_wconf 75' lang='lat'><strong>...11-</strong></span> 
     </span>
    </p>
   </div>
   <div class='ocr_carea' id='block_1_2' title="bbox 404 566 1786 632">
    <p class='ocr_par' dir='ltr' id='par_1_2' title="bbox 404 566 1786 632">
     <span class='ocr_line' id='line_1_2' title="bbox 404 566 1786 632; baseline 0.001 -2"><span class='ocrx_word' id='word_1_2' title='bbox 404 571 485 632; x_wconf 85' lang='grc'><strong>13.</strong></span> <span class='ocrx_word' id='word_1_3' title='bbox 535 569 629 631; x_wconf 88' lang='lat' dir='ltr'><strong>De</strong></span> <span class='ocrx_word' id='word_1_4' title='bbox 676 586 744 631; x_wconf 76' lang='lat' dir='ltr'><strong>re</strong></span> <span class='ocrx_word' id='word_1_5' title='bbox 790 568 994 632; x_wconf 80' lang='lat' dir='ltr'><strong>stabili</strong></span> <span class='ocrx_word' id='word_1_6' title='bbox 1041 566 1230 631; x_wconf 80' lang='lat' dir='ltr'><strong>dotali</strong></span> <span class='ocrx_word' id='word_1_7' title='bbox 1280 583 1397 630; x_wconf 90' lang='lat' dir='ltr'><strong>non</strong></span> <span class='ocrx_word' id='word_1_8' title='bbox 1446 566 1786 631; x_wconf 80' lang='lat' dir='ltr'><strong>alienanda.</strong></span> 
     </span>
    </p>
   </div>
   <div class='ocr_carea' id='block_1_3' title="bbox 211 720 3161 1022">
    <p class='ocr_par' dir='ltr' id='par_1_3' title="bbox 211 720 3161 1022">
     <span class='ocr_line' id='line_1_3' title="bbox 400 720 3161 804; baseline 0.001 -18"><span class='ocrx_word' id='word_1_9' title='bbox 400 723 560 787; x_wconf 87' lang='lat' dir='ltr'><strong>Rem</strong></span> <span class='ocrx_word' id='word_1_10' title='bbox 605 720 890 787; x_wconf 89' lang='lat' dir='ltr'><strong>stabilem</strong></span> <span class='ocrx_word' id='word_1_11' title='bbox 937 720 1217 787; x_wconf 84' lang='lat' dir='ltr'>dotalem</span> <span class='ocrx_word' id='word_1_12' title='bbox 1263 742 1378 787; x_wconf 90' lang='lat' dir='ltr'><strong>nec</strong></span> <span class='ocrx_word' id='word_1_13' title='bbox 1426 722 1518 786; x_wconf 89' lang='lat' dir='ltr'><strong>vir</strong></span> <span class='ocrx_word' id='word_1_14' title='bbox 1564 743 1708 785; x_wconf 91' lang='lat' dir='ltr'><strong>cum</strong></span> <span class='ocrx_word' id='word_1_15' title='bbox 1744 742 2056 786; x_wconf 90' lang='lat' dir='ltr'><strong>consensu</strong></span> <span class='ocrx_word' id='word_1_16' title='bbox 2106 723 2338 804; x_wconf 80' lang='lat' dir='ltr'><strong>uxoris,</strong></span> <span class='ocrx_word' id='word_1_17' title='bbox 2372 744 2485 788; x_wconf 90' lang='lat' dir='ltr'><strong>nec</strong></span> <span class='ocrx_word' id='word_1_18' title='bbox 2535 743 2694 789; x_wconf 85' lang='lat' dir='ltr'><strong>uxor</strong></span> <span class='ocrx_word' id='word_1_19' title='bbox 2740 744 2887 789; x_wconf 89' lang='lat' dir='ltr'><strong>cum</strong></span> <span class='ocrx_word' id='word_1_20' title='bbox 2950 734 3161 801; x_wconf 82' lang='lat' dir='ltr'><strong>T.A.46</strong></span> 
     </span>
     <span class='ocr_line' id='line_1_4' title="bbox 211 826 2891 914; baseline 0.001 -22"><span class='ocrx_word' id='word_1_21' title='bbox 211 849 532 894; x_wconf 88' lang='lat' dir='ltr'><strong>consensu</strong></span> <span class='ocrx_word' id='word_1_22' title='bbox 566 827 703 910; x_wconf 90' lang='lat' dir='ltr'><strong>viri,</strong></span> <span class='ocrx_word' id='word_1_23' title='bbox 739 850 870 893; x_wconf 92' lang='lat' dir='ltr'><strong>non</strong></span> <span class='ocrx_word' id='word_1_24' title='bbox 902 828 1206 914; x_wconf 81' lang='lat' dir='ltr'><strong>susceptis</strong></span> <span class='ocrx_word' id='word_1_25' title='bbox 1254 845 1362 893; x_wconf 89' lang='lat' dir='ltr'><strong>aut</strong></span> <span class='ocrx_word' id='word_1_26' title='bbox 1402 849 1535 892; x_wconf 91' lang='lat' dir='ltr'><strong>non</strong></span> <span class='ocrx_word' id='word_1_27' title='bbox 1567 826 1973 894; x_wconf 85' lang='lat' dir='ltr'><strong>existentibus</strong></span> <span class='ocrx_word' id='word_1_28' title='bbox 2005 827 2165 911; x_wconf 85' lang='lat' dir='ltr'><strong>filiis,</strong></span> <span class='ocrx_word' id='word_1_29' title='bbox 2201 831 2467 895; x_wconf 88' lang='lat' dir='ltr'><strong>vendere</strong></span> <span class='ocrx_word' id='word_1_30' title='bbox 2500 829 2595 895; x_wconf 91' lang='lat' dir='ltr'><strong>vel</strong></span> <span class='ocrx_word' id='word_1_31' title='bbox 2626 829 2891 896; x_wconf 89' lang='lat' dir='ltr'><strong>alienare</strong></span> 
     </span>
     <span class='ocr_line' id='line_1_5' title="bbox 213 934 2890 1022; baseline 0 -22"><span class='ocrx_word' id='word_1_32' title='bbox 213 953 505 1020; x_wconf 88' lang='lat' dir='ltr'><strong>possunt,</strong></span> <span class='ocrx_word' id='word_1_33' title='bbox 555 935 670 999; x_wconf 81' lang='lat' dir='ltr'><strong>nisi</strong></span> <span class='ocrx_word' id='word_1_34' title='bbox 716 951 984 1021; x_wconf 87' lang='lat' dir='ltr'><strong>cogente</strong></span> <span class='ocrx_word' id='word_1_35' title='bbox 1030 955 1258 1020; x_wconf 88' lang='lat' dir='ltr'><strong>magna</strong></span> <span class='ocrx_word' id='word_1_36' title='bbox 1306 934 1677 1011; x_wconf 80' lang='lat' dir='ltr'><strong>necessitate</strong></span> <span class='ocrx_word' id='word_1_37' title='bbox 1721 934 2000 1000; x_wconf 88' lang='lat' dir='ltr'><strong>discussa</strong></span> <span class='ocrx_word' id='word_1_38' title='bbox 2046 955 2107 1000; x_wconf 88' lang='lat' dir='ltr'><strong>et</strong></span> <span class='ocrx_word' id='word_1_39' title='bbox 2152 937 2405 1021; x_wconf 88' lang='lat' dir='ltr'><strong>cognita</strong></span> <span class='ocrx_word' id='word_1_40' title='bbox 2462 956 2569 1022; x_wconf 92' lang='lat' dir='ltr'><strong>per</strong></span> <span class='ocrx_word' id='word_1_41' title='bbox 2630 935 2890 1002; x_wconf 87' lang='lat' dir='ltr'><strong>Curiam</strong></span> 
     </span>
    </p>
   </div>
   <div class='ocr_carea' id='block_1_4' title="bbox 219 1040 2976 1117">
    <p class='ocr_par' dir='ltr' id='par_1_4' title="bbox 219 1040 2976 1117">
     <span class='ocr_line' id='line_1_6' title="bbox 219 1040 2976 1117; baseline 0.005 -14"><span class='ocrx_word' id='word_1_42' title='bbox 219 1040 572 1109; x_wconf 89' lang='lat' dir='ltr'><strong>Messanae.</strong></span> <span class='ocrx_word' id='word_1_43' title='bbox 2952 1064 2976 1117; x_wconf 82' lang='lat'>5</span> 
     </span>
    </p>
   </div>
   <div class='ocr_carea' id='block_1_5' title="bbox 399 1199 2753 1282">
    <p class='ocr_par' dir='ltr' id='par_1_5' title="bbox 399 1199 2753 1282">
     <span class='ocr_line' id='line_1_7' title="bbox 399 1199 2753 1282; baseline -0.002 -15"><span class='ocrx_word' id='word_1_44' title='bbox 399 1202 489 1267; x_wconf 89' lang='grc'><strong>14.</strong></span> <span class='ocrx_word' id='word_1_45' title='bbox 536 1201 630 1263; x_wconf 88' lang='lat' dir='ltr'><strong>De</strong></span> <span class='ocrx_word' id='word_1_46' title='bbox 677 1201 825 1265; x_wconf 89' lang='lat' dir='ltr'><strong>dote</strong></span> <span class='ocrx_word' id='word_1_47' title='bbox 873 1199 1209 1278; x_wconf 81' lang='lat' dir='ltr'><strong>reddenda,</strong></span> <span class='ocrx_word' id='word_1_48' title='bbox 1257 1204 1321 1264; x_wconf 89' lang='lat' dir='ltr'><strong>et</strong></span> <span class='ocrx_word' id='word_1_49' title='bbox 1366 1200 1446 1264; x_wconf 89' lang='lat' dir='ltr'><strong>de</strong></span> <span class='ocrx_word' id='word_1_50' title='bbox 1492 1202 1783 1282; x_wconf 79' lang='lat' dir='ltr'><strong>expensis</strong></span> <span class='ocrx_word' id='word_1_51' title='bbox 1831 1221 1863 1265; x_wconf 81' lang='lat' dir='ltr'><strong>a</strong></span> <span class='ocrx_word' id='word_1_52' title='bbox 1912 1204 2042 1266; x_wconf 81' lang='lat' dir='ltr'><strong>viro</strong></span> <span class='ocrx_word' id='word_1_53' title='bbox 2087 1202 2274 1266; x_wconf 72' lang='lat' dir='ltr'><strong>factis</strong></span> <span class='ocrx_word' id='word_1_54' title='bbox 2320 1205 2378 1266; x_wconf 91' lang='lat' dir='ltr'><strong>in</strong></span> <span class='ocrx_word' id='word_1_55' title='bbox 2429 1222 2497 1266; x_wconf 80' lang='lat' dir='ltr'><strong>re</strong></span> <span class='ocrx_word' id='word_1_56' title='bbox 2543 1203 2753 1267; x_wconf 80' lang='lat' dir='ltr'><strong>dotali.</strong></span> 
     </span>
    </p>
   </div>
   <div class='ocr_carea' id='block_1_6' title="bbox 209 1355 3155 1976">
    <p class='ocr_par' dir='ltr' id='par_1_6' title="bbox 209 1355 3155 1976">
     <span class='ocr_line' id='line_1_8' title="bbox 400 1355 3155 1445; baseline 0 -23"><span class='ocrx_word' id='word_1_57' title='bbox 400 1358 522 1422; x_wconf 89' lang='lat' dir='ltr'><strong>Res</strong></span> <span class='ocrx_word' id='word_1_58' title='bbox 570 1355 802 1439; x_wconf 82' lang='lat' dir='ltr'><strong>stabilis</strong></span> <span class='ocrx_word' id='word_1_59' title='bbox 850 1356 1074 1423; x_wconf 90' lang='lat' dir='ltr'><strong>dotalis</strong></span> <span class='ocrx_word' id='word_1_60' title='bbox 1123 1358 1318 1444; x_wconf 89' lang='lat' dir='ltr'><strong>qualis</strong></span> <span class='ocrx_word' id='word_1_61' title='bbox 1350 1356 1531 1424; x_wconf 89' lang='lat' dir='ltr'><strong>fuerit</strong></span> <span class='ocrx_word' id='word_1_62' title='bbox 1564 1376 1848 1445; x_wconf 90' lang='lat' dir='ltr'><strong>tempore</strong></span> <span class='ocrx_word' id='word_1_63' title='bbox 1895 1357 2246 1425; x_wconf 86' lang='lat' dir='ltr'><strong>reddendae</strong></span> <span class='ocrx_word' id='word_1_64' title='bbox 2293 1357 2458 1425; x_wconf 91' lang='lat' dir='ltr'><strong>dotis</strong></span> <span class='ocrx_word' id='word_1_65' title='bbox 2491 1360 2623 1426; x_wconf 91' lang='lat' dir='ltr'><strong>sive</strong></span> <span class='ocrx_word' id='word_1_66' title='bbox 2669 1359 2893 1427; x_wconf 89' lang='lat' dir='ltr'><strong>melior</strong></span> <span class='ocrx_word' id='word_1_67' title='bbox 2947 1369 3155 1436; x_wconf 69' lang='lat' dir='ltr'><strong>r.a.38</strong></span> 
     </span>
     <span class='ocr_line' id='line_1_9' title="bbox 220 1461 2890 1550; baseline 0.002 -24"><span class='ocrx_word' id='word_1_68' title='bbox 220 1463 359 1527; x_wconf 92' lang='lat' dir='ltr'><strong>sive</strong></span> <span class='ocrx_word' id='word_1_69' title='bbox 405 1463 673 1529; x_wconf 85' lang='lat' dir='ltr'><strong>deterior</strong></span> <span class='ocrx_word' id='word_1_70' title='bbox 719 1461 914 1545; x_wconf 88' lang='lat' dir='ltr'><strong>facta,</strong></span> <span class='ocrx_word' id='word_1_71' title='bbox 962 1463 1157 1549; x_wconf 89' lang='lat' dir='ltr'><strong>qualis</strong></span> <span class='ocrx_word' id='word_1_72' title='bbox 1206 1485 1283 1528; x_wconf 89' lang='lat' dir='ltr'><strong>eo</strong></span> <span class='ocrx_word' id='word_1_73' title='bbox 1334 1482 1618 1550; x_wconf 90' lang='lat' dir='ltr'><strong>tempore</strong></span> <span class='ocrx_word' id='word_1_74' title='bbox 1663 1463 1887 1546; x_wconf 79' lang='lat' dir='ltr'><strong>tuerit,</strong></span> <span class='ocrx_word' id='word_1_75' title='bbox 1935 1463 2248 1530; x_wconf 85' lang='lat' dir='ltr'><strong>reddatur.</strong></span> <span class='ocrx_word' id='word_1_76' title='bbox 2321 1464 2383 1529; x_wconf 91' lang='lat' dir='ltr'><strong>Si</strong></span> <span class='ocrx_word' id='word_1_77' title='bbox 2434 1486 2582 1530; x_wconf 91' lang='lat' dir='ltr'><strong>vero</strong></span> <span class='ocrx_word' id='word_1_78' title='bbox 2630 1468 2890 1532; x_wconf 88' lang='lat' dir='ltr'><strong>maritus</strong></span> 
     </span>
     <span class='ocr_line' id='line_1_10' title="bbox 212 1565 2890 1657; baseline 0.001 -25"><span class='ocrx_word' id='word_1_79' title='bbox 212 1566 432 1632; x_wconf 87' lang='lat' dir='ltr'><strong>solum</strong></span> <span class='ocrx_word' id='word_1_80' title='bbox 481 1566 577 1631; x_wconf 89' lang='lat' dir='ltr'><strong>vel</strong></span> <span class='ocrx_word' id='word_1_81' title='bbox 620 1565 889 1632; x_wconf 89' lang='lat' dir='ltr'><strong>fundum</strong></span> <span class='ocrx_word' id='word_1_82' title='bbox 937 1590 1201 1632; x_wconf 89' lang='lat' dir='ltr'><strong>vacuum</strong></span> <span class='ocrx_word' id='word_1_83' title='bbox 1253 1568 1317 1632; x_wconf 89' lang='lat' dir='ltr'><strong>in</strong></span> <span class='ocrx_word' id='word_1_84' title='bbox 1364 1566 1581 1634; x_wconf 87' lang='lat' dir='ltr'><strong>dotem</strong></span> <span class='ocrx_word' id='word_1_85' title='bbox 1628 1568 1948 1655; x_wconf 89' lang='lat' dir='ltr'><strong>receperit,</strong></span> <span class='ocrx_word' id='word_1_86' title='bbox 1980 1586 2044 1634; x_wconf 91' lang='lat' dir='ltr'><strong>et</strong></span> <span class='ocrx_word' id='word_1_87' title='bbox 2089 1591 2233 1633; x_wconf 89' lang='lat' dir='ltr'><strong>eum</strong></span> <span class='ocrx_word' id='word_1_88' title='bbox 2281 1567 2358 1634; x_wconf 93' lang='lat' dir='ltr'><strong>de</strong></span> <span class='ocrx_word' id='word_1_89' title='bbox 2405 1571 2669 1657; x_wconf 88' lang='lat' dir='ltr'><strong>propriis</strong></span> <span class='ocrx_word' id='word_1_90' title='bbox 2719 1570 2890 1636; x_wconf 90' lang='lat' dir='ltr'><strong>aedi-</strong></span> 
     </span>
     <span class='ocr_line' id='line_1_11' title="bbox 214 1672 3015 1763; baseline 0 -25"><span class='ocrx_word' id='word_1_91' title='bbox 214 1673 517 1756; x_wconf 87' lang='lat' dir='ltr'><strong>ficaverit,</strong></span> <span class='ocrx_word' id='word_1_92' title='bbox 565 1675 614 1739; x_wconf 91' lang='lat' dir='ltr'><strong>is</strong></span> <span class='ocrx_word' id='word_1_93' title='bbox 661 1673 738 1739; x_wconf 90' lang='lat' dir='ltr'><strong>ad</strong></span> <span class='ocrx_word' id='word_1_94' title='bbox 770 1696 957 1762; x_wconf 90' lang='lat' dir='ltr'><strong>quem</strong></span> <span class='ocrx_word' id='word_1_95' title='bbox 1005 1675 1333 1739; x_wconf 85' lang='lat' dir='ltr'><strong>revertitur</strong></span> <span class='ocrx_word' id='word_1_96' title='bbox 1380 1674 1518 1757; x_wconf 86' lang='lat' dir='ltr'><strong>dOS,</strong></span> <span class='ocrx_word' id='word_1_97' title='bbox 1566 1672 1745 1740; x_wconf 91' lang='lat' dir='ltr'><strong>utiles</strong></span> <span class='ocrx_word' id='word_1_98' title='bbox 1794 1691 1855 1741; x_wconf 96' lang='lat' dir='ltr'><strong>et</strong></span> <span class='ocrx_word' id='word_1_99' title='bbox 1899 1675 2274 1741; x_wconf 87' lang='lat' dir='ltr'><strong>necessarias</strong></span> <span class='ocrx_word' id='word_1_100' title='bbox 2321 1697 2624 1763; x_wconf 85' lang='lat' dir='ltr'><strong>expensas</strong></span> <span class='ocrx_word' id='word_1_101' title='bbox 2670 1681 2737 1742; x_wconf 92' lang='lat' dir='ltr'><strong>in</strong></span> <span class='ocrx_word' id='word_1_102' title='bbox 2785 1699 2883 1742; x_wconf 87' lang='lat' dir='ltr'><strong>ae-</strong></span> <span class='ocrx_word' id='word_1_103' title='bbox 2949 1700 3015 1739; x_wconf 92' lang='lat'><strong>10</strong></span> 
     </span>
     <span class='ocr_line' id='line_1_12' title="bbox 211 1778 2892 1867; baseline 0.001 -22"><span class='ocrx_word' id='word_1_104' title='bbox 211 1778 430 1845; x_wconf 87' lang='lat' dir='ltr'><strong>dificio</strong></span> <span class='ocrx_word' id='word_1_105' title='bbox 464 1778 651 1845; x_wconf 87' lang='lat' dir='ltr'><strong>factas</strong></span> <span class='ocrx_word' id='word_1_106' title='bbox 700 1779 915 1845; x_wconf 90' lang='lat' dir='ltr'><strong>reddet</strong></span> <span class='ocrx_word' id='word_1_107' title='bbox 956 1779 1012 1844; x_wconf 90' lang='lat' dir='ltr'><strong>ei</strong></span> <span class='ocrx_word' id='word_1_108' title='bbox 1058 1781 1123 1844; x_wconf 92' lang='lat' dir='ltr'><strong>in</strong></span> <span class='ocrx_word' id='word_1_109' title='bbox 1171 1801 1242 1844; x_wconf 88' lang='lat' dir='ltr'><strong>ea</strong></span> <span class='ocrx_word' id='word_1_110' title='bbox 1287 1780 1652 1867; x_wconf 87' lang='lat' dir='ltr'><strong>quantitate,</strong></span> <span class='ocrx_word' id='word_1_111' title='bbox 1681 1803 1805 1867; x_wconf 88' lang='lat' dir='ltr'><strong>qua</strong></span> <span class='ocrx_word' id='word_1_112' title='bbox 1837 1801 1987 1847; x_wconf 90' lang='lat' dir='ltr'><strong>tunc</strong></span> <span class='ocrx_word' id='word_1_113' title='bbox 2034 1783 2242 1867; x_wconf 88' lang='lat' dir='ltr'><strong>ipsum</strong></span> <span class='ocrx_word' id='word_1_114' title='bbox 2291 1778 2645 1847; x_wconf 86' lang='lat' dir='ltr'><strong>aedificium</strong></span> <span class='ocrx_word' id='word_1_115' title='bbox 2688 1781 2892 1848; x_wconf 89' lang='lat' dir='ltr'><strong>valere</strong></span> 
     </span>
     <span class='ocr_line' id='line_1_13' title="bbox 209 1884 2889 1976; baseline 0.001 -27"><span class='ocrx_word' id='word_1_116' title='bbox 209 1885 644 1951; x_wconf 83' lang='lat' dir='ltr'><strong>aestimabitur</strong></span> <span class='ocrx_word' id='word_1_117' title='bbox 680 1888 824 1973; x_wconf 88' lang='lat' dir='ltr'><strong>quia</strong></span> <span class='ocrx_word' id='word_1_118' title='bbox 872 1884 1220 1954; x_wconf 87' lang='lat' dir='ltr'><strong>aedificium</strong></span> <span class='ocrx_word' id='word_1_119' title='bbox 1257 1885 1398 1951; x_wconf 91' lang='lat' dir='ltr'><strong>solo</strong></span> <span class='ocrx_word' id='word_1_120' title='bbox 1430 1885 1611 1952; x_wconf 89' lang='lat' dir='ltr'><strong>cedit.</strong></span> <span class='ocrx_word' id='word_1_121' title='bbox 1646 1885 2104 1953; x_wconf 86' lang='lat' dir='ltr'><strong>Guarnimenta</strong></span> <span class='ocrx_word' id='word_1_122' title='bbox 2152 1906 2363 1954; x_wconf 89' lang='lat' dir='ltr'><strong>autem</strong></span> <span class='ocrx_word' id='word_1_123' title='bbox 2397 1905 2459 1954; x_wconf 91' lang='lat' dir='ltr'><strong>et</strong></span> <span class='ocrx_word' id='word_1_124' title='bbox 2488 1886 2889 1976; x_wconf 87' lang='lat' dir='ltr'><strong>supellectilia</strong></span> 
     </span>
    </p>
   </div>
   <div class='ocr_carea' id='block_1_7' title="bbox 207 1990 1566 2082">
    <p class='ocr_par' dir='ltr' id='par_1_7' title="bbox 207 1990 1566 2082">
     <span class='ocr_line' id='line_1_14' title="bbox 207 1990 1566 2082; baseline 0.002 -28"><span class='ocrx_word' id='word_1_125' title='bbox 207 1990 423 2078; x_wconf 89' lang='lat' dir='ltr'><strong>qualia</strong></span> <span class='ocrx_word' id='word_1_126' title='bbox 471 2015 548 2058; x_wconf 91' lang='lat' dir='ltr'><strong>eo</strong></span> <span class='ocrx_word' id='word_1_127' title='bbox 597 2013 890 2082; x_wconf 88' lang='lat' dir='ltr'><strong>tempore</strong></span> <span class='ocrx_word' id='word_1_128' title='bbox 936 1993 1165 2059; x_wconf 89' lang='lat' dir='ltr'><strong>fuerint</strong></span> <span class='ocrx_word' id='word_1_129' title='bbox 1211 1992 1566 2059; x_wconf 88' lang='lat' dir='ltr'><strong>reddantur.</strong></span> 
     </span>
    </p>
   </div>
   <div class='ocr_carea' id='block_1_8' title="bbox 203 2157 3010 2346">
    <p class='ocr_par' dir='ltr' id='par_1_8' title="bbox 203 2157 3010 2346">
     <span class='ocr_line' id='line_1_15' title="bbox 399 2157 2892 2241; baseline -0 -18"><span class='ocrx_word' id='word_1_130' title='bbox 399 2161 481 2223; x_wconf 89' lang='grc'><strong>15.</strong></span> <span class='ocrx_word' id='word_1_131' title='bbox 529 2160 674 2223; x_wconf 80' lang='lat' dir='ltr'><strong>Viro</strong></span> <span class='ocrx_word' id='word_1_132' title='bbox 723 2161 787 2221; x_wconf 89' lang='lat' dir='ltr'><strong>et</strong></span> <span class='ocrx_word' id='word_1_133' title='bbox 835 2176 1029 2223; x_wconf 81' lang='lat' dir='ltr'><strong>uxore</strong></span> <span class='ocrx_word' id='word_1_134' title='bbox 1076 2158 1210 2220; x_wconf 91' lang='lat' dir='ltr'><strong>sine</strong></span> <span class='ocrx_word' id='word_1_135' title='bbox 1258 2157 1436 2221; x_wconf 86' lang='lat' dir='ltr'><strong>bonis</strong></span> <span class='ocrx_word' id='word_1_136' title='bbox 1481 2158 1940 2223; x_wconf 75' lang='lat' dir='ltr'><strong>matrimonium</strong></span> <span class='ocrx_word' id='word_1_137' title='bbox 1988 2160 2498 2223; x_wconf 74' lang='lat' dir='ltr'><strong>contrahentibus</strong></span> <span class='ocrx_word' id='word_1_138' title='bbox 2543 2159 2690 2241; x_wconf 83' lang='lat' dir='ltr'><strong>quid</strong></span> <span class='ocrx_word' id='word_1_139' title='bbox 2741 2160 2892 2222; x_wconf 77' lang='lat' dir='ltr'><strong>iuris</strong></span> 
     </span>
     <span class='ocr_line' id='line_1_16' title="bbox 203 2266 3010 2346; baseline -0 -17"><span class='ocrx_word' id='word_1_140' title='bbox 203 2269 302 2330; x_wconf 80' lang='lat' dir='ltr'><strong>sit</strong></span> <span class='ocrx_word' id='word_1_141' title='bbox 347 2267 427 2329; x_wconf 89' lang='lat' dir='ltr'><strong>de</strong></span> <span class='ocrx_word' id='word_1_142' title='bbox 475 2267 652 2331; x_wconf 91' lang='lat' dir='ltr'><strong>bonis</strong></span> <span class='ocrx_word' id='word_1_143' title='bbox 700 2284 913 2330; x_wconf 81' lang='lat' dir='ltr'><strong>eorum</strong></span> <span class='ocrx_word' id='word_1_144' title='bbox 962 2269 1181 2346; x_wconf 81' lang='lat' dir='ltr'><strong>postea</strong></span> <span class='ocrx_word' id='word_1_145' title='bbox 1229 2266 1547 2345; x_wconf 81' lang='lat' dir='ltr'><strong>quaesitis.</strong></span> <span class='ocrx_word' id='word_1_146' title='bbox 2949 2280 3010 2335; x_wconf 87' lang='lat'><strong>15</strong></span> 
     </span>
    </p>
   </div>
   <div class='ocr_carea' id='block_1_9' title="bbox 403 2421 3154 2511">
    <p class='ocr_par' dir='ltr' id='par_1_9' title="bbox 403 2421 3154 2511">
     <span class='ocr_line' id='line_1_17' title="bbox 403 2421 3154 2511; baseline -0 -23"><span class='ocrx_word' id='word_1_147' title='bbox 403 2423 559 2489; x_wconf 91' lang='lat' dir='ltr'><strong>Viro</strong></span> <span class='ocrx_word' id='word_1_148' title='bbox 632 2439 694 2489; x_wconf 90' lang='lat' dir='ltr'><strong>et</strong></span> <span class='ocrx_word' id='word_1_149' title='bbox 762 2445 960 2489; x_wconf 87' lang='lat' dir='ltr'><strong>uxore</strong></span> <span class='ocrx_word' id='word_1_150' title='bbox 1028 2423 1163 2489; x_wconf 92' lang='lat' dir='ltr'><strong>sine</strong></span> <span class='ocrx_word' id='word_1_151' title='bbox 1232 2421 1381 2488; x_wconf 90' lang='lat' dir='ltr'><strong>dote</strong></span> <span class='ocrx_word' id='word_1_152' title='bbox 1427 2442 1489 2489; x_wconf 92' lang='lat' dir='ltr'><strong>et</strong></span> <span class='ocrx_word' id='word_1_153' title='bbox 1534 2421 1780 2489; x_wconf 79' lang='lat' dir='ltr'><strong>dotatio</strong></span> <span class='ocrx_word' id='word_1_154' title='bbox 1846 2422 2018 2511; x_wconf 88' lang='lat' dir='ltr'><strong>(cum</strong></span> <span class='ocrx_word' id='word_1_155' title='bbox 2086 2440 2347 2511; x_wconf 89' lang='lat' dir='ltr'><strong>uterque</strong></span> <span class='ocrx_word' id='word_1_156' title='bbox 2393 2423 2548 2489; x_wconf 91' lang='lat' dir='ltr'><strong>nihil</strong></span> <span class='ocrx_word' id='word_1_157' title='bbox 2592 2424 2657 2488; x_wconf 91' lang='lat' dir='ltr'><strong>in</strong></span> <span class='ocrx_word' id='word_1_158' title='bbox 2704 2422 2888 2489; x_wconf 93' lang='lat' dir='ltr'><strong>bonis</strong></span> <span class='ocrx_word' id='word_1_159' title='bbox 2945 2440 3154 2479; x_wconf 56' lang='lat' dir='ltr'><strong>”rm-10</strong></span> 
     </span>
    </p>
   </div>
   <div class='ocr_carea' id='block_1_10' title="bbox 205 2497 3076 2725">
    <p class='ocr_par' dir='ltr' id='par_1_10' title="bbox 205 2497 3076 2725">
     <span class='ocr_line' id='line_1_18' title="bbox 208 2497 3076 2618; baseline -0 -22"><span class='ocrx_word' id='word_1_160' title='bbox 208 2529 471 2618; x_wconf 88' lang='lat' dir='ltr'><strong>habeat)</strong></span> <span class='ocrx_word' id='word_1_161' title='bbox 518 2531 994 2596; x_wconf 86' lang='lat' dir='ltr'><strong>matrimonium</strong></span> <span class='ocrx_word' id='word_1_162' title='bbox 1043 2529 1579 2612; x_wconf 80' lang='lat' dir='ltr'><strong>contrahentibuS,</strong></span> <span class='ocrx_word' id='word_1_163' title='bbox 1625 2528 1763 2594; x_wconf 88' lang='lat' dir='ltr'><strong>filiis</strong></span> <span class='ocrx_word' id='word_1_164' title='bbox 1813 2551 1945 2595; x_wconf 91' lang='lat' dir='ltr'><strong>non</strong></span> <span class='ocrx_word' id='word_1_165' title='bbox 1994 2532 2295 2617; x_wconf 89' lang='lat' dir='ltr'><strong>susceptis</strong></span> <span class='ocrx_word' id='word_1_166' title='bbox 2346 2529 2443 2594; x_wconf 86' lang='lat' dir='ltr'><strong>vel</strong></span> <span class='ocrx_word' id='word_1_167' title='bbox 2487 2530 2788 2616; x_wconf 89' lang='lat' dir='ltr'><strong>susceptis</strong></span> <span class='ocrx_word' id='word_1_168' title='bbox 2829 2545 2891 2595; x_wconf 91' lang='lat' dir='ltr'><strong>et</strong></span> <span class='ocrx_word' id='word_1_169' title='bbox 2981 2497 3011 2568; x_wconf 65' lang='lat' dir='ltr'>S</span> <span class='ocrx_word' id='word_1_170' title='bbox 3055 2512 3076 2549; x_wconf 72' lang='lat'>¹</span> 
     </span>
     <span class='ocr_line' id='line_1_19' title="bbox 205 2634 2533 2725; baseline 0 -24"><span class='ocrx_word' id='word_1_171' title='bbox 205 2637 656 2725; x_wconf 80' lang='lat' dir='ltr'><strong>praetnortuiS,</strong></span> <span class='ocrx_word' id='word_1_172' title='bbox 700 2656 1137 2724; x_wconf 87' lang='lat' dir='ltr'><strong>quaecumque</strong></span> <span class='ocrx_word' id='word_1_173' title='bbox 1181 2635 1478 2722; x_wconf 88' lang='lat' dir='ltr'><strong>acquisita</strong></span> <span class='ocrx_word' id='word_1_174' title='bbox 1525 2653 1671 2700; x_wconf 88' lang='lat' dir='ltr'><strong>sunt</strong></span> <span class='ocrx_word' id='word_1_175' title='bbox 1718 2634 1906 2718; x_wconf 88' lang='lat' dir='ltr'><strong>bona,</strong></span> <span class='ocrx_word' id='word_1_176' title='bbox 1956 2637 2320 2701; x_wconf 87' lang='lat' dir='ltr'><strong>communia</strong></span> <span class='ocrx_word' id='word_1_177' title='bbox 2365 2655 2533 2702; x_wconf 92' lang='lat' dir='ltr'><strong>sunt.</strong></span> 
     </span>
    </p>
   </div>
   <div class='ocr_carea' id='block_1_11' title="bbox 399 2798 2893 2881">
    <p class='ocr_par' dir='ltr' id='par_1_11' title="bbox 399 2798 2893 2881">
     <span class='ocr_line' id='line_1_20' title="bbox 399 2798 2893 2881; baseline 0.002 -18"><span class='ocrx_word' id='word_1_178' title='bbox 399 2800 478 2863; x_wconf 85' lang='grc'><strong>16.</strong></span> <span class='ocrx_word' id='word_1_179' title='bbox 526 2798 779 2881; x_wconf 81' lang='lat' dir='ltr'><strong>Quando</strong></span> <span class='ocrx_word' id='word_1_180' title='bbox 814 2800 1033 2862; x_wconf 80' lang='lat' dir='ltr'><strong>mulier</strong></span> <span class='ocrx_word' id='word_1_181' title='bbox 1074 2798 1347 2862; x_wconf 71' lang='lat' dir='ltr'><strong>filiorum</strong></span> <span class='ocrx_word' id='word_1_182' title='bbox 1396 2817 1651 2863; x_wconf 80' lang='lat' dir='ltr'><strong>suorum</strong></span> <span class='ocrx_word' id='word_1_183' title='bbox 1698 2802 1959 2864; x_wconf 80' lang='lat' dir='ltr'><strong>tutelam</strong></span> <span class='ocrx_word' id='word_1_184' title='bbox 2007 2816 2232 2880; x_wconf 69' lang='lat' dir='ltr'><strong>gerere</strong></span> <span class='ocrx_word' id='word_1_185' title='bbox 2278 2804 2490 2881; x_wconf 83' lang='lat' dir='ltr'><strong>potest</strong></span> <span class='ocrx_word' id='word_1_186' title='bbox 2522 2804 2586 2864; x_wconf 89' lang='lat' dir='ltr'><strong>et</strong></span> <span class='ocrx_word' id='word_1_187' title='bbox 2617 2801 2697 2865; x_wconf 89' lang='lat' dir='ltr'><strong>de</strong></span> <span class='ocrx_word' id='word_1_188' title='bbox 2727 2805 2893 2867; x_wconf 87' lang='lat' dir='ltr'><strong>tuto-</strong></span> 
     </span>
    </p>
   </div>
   <div class='ocr_carea' id='block_1_12' title="bbox 201 2905 3014 2970">
    <p class='ocr_par' dir='ltr' id='par_1_12' title="bbox 201 2905 3014 2970">
     <span class='ocr_line' id='line_1_21' title="bbox 201 2905 3014 2970; baseline 0 -1"><span class='ocrx_word' id='word_1_189' title='bbox 201 2906 389 2970; x_wconf 71' lang='lat' dir='ltr'><strong>ribus</strong></span> <span class='ocrx_word' id='word_1_190' title='bbox 435 2907 777 2970; x_wconf 80' lang='lat' dir='ltr'><strong>minoribus</strong></span> <span class='ocrx_word' id='word_1_191' title='bbox 823 2905 1066 2969; x_wconf 81' lang='lat' dir='ltr'><strong>dandis.</strong></span> <span class='ocrx_word' id='word_1_192' title='bbox 2943 2916 3014 2957; x_wconf 86' lang='lat'><strong>20</strong></span> 
     </span>
    </p>
   </div>
   <div class='ocr_carea' id='block_1_13' title="bbox 394 3059 3152 3147">
    <p class='ocr_par' dir='ltr' id='par_1_13' title="bbox 394 3059 3152 3147">
     <span class='ocr_line' id='line_1_22' title="bbox 394 3059 3152 3147; baseline 0.001 -22"><span class='ocrx_word' id='word_1_193' title='bbox 394 3060 548 3126; x_wconf 89' lang='lat' dir='ltr'><strong>Viro</strong></span> <span class='ocrx_word' id='word_1_194' title='bbox 597 3060 671 3126; x_wconf 91' lang='lat' dir='ltr'><strong>ab</strong></span> <span class='ocrx_word' id='word_1_195' title='bbox 719 3062 1014 3128; x_wconf 87' lang='lat' dir='ltr'><strong>intestato</strong></span> <span class='ocrx_word' id='word_1_196' title='bbox 1064 3078 1490 3147; x_wconf 89' lang='lat' dir='ltr'><strong>praemortuo,</strong></span> <span class='ocrx_word' id='word_1_197' title='bbox 1540 3061 1637 3126; x_wconf 91' lang='lat' dir='ltr'><strong>vel</strong></span> <span class='ocrx_word' id='word_1_198' title='bbox 1684 3062 1758 3127; x_wconf 89' lang='lat' dir='ltr'><strong>ab</strong></span> <span class='ocrx_word' id='word_1_199' title='bbox 1807 3059 2034 3127; x_wconf 88' lang='lat' dir='ltr'><strong>eodem</strong></span> <span class='ocrx_word' id='word_1_200' title='bbox 2084 3078 2310 3129; x_wconf 89' lang='lat' dir='ltr'><strong>testato</strong></span> <span class='ocrx_word' id='word_1_201' title='bbox 2352 3061 2504 3128; x_wconf 90' lang='lat' dir='ltr'><strong>nihil</strong></span> <span class='ocrx_word' id='word_1_202' title='bbox 2553 3062 2629 3128; x_wconf 91' lang='lat' dir='ltr'><strong>de</strong></span> <span class='ocrx_word' id='word_1_203' title='bbox 2676 3079 2887 3130; x_wconf 89' lang='lat' dir='ltr'><strong>tutore</strong></span> <span class='ocrx_word' id='word_1_204' title='bbox 2945 3073 3152 3115; x_wconf 57' lang='lat' dir='ltr'>”BA-12</span> 
     </span>
    </p>
   </div>
   <div class='ocr_carea' id='block_1_14' title="bbox 196 3167 3006 3573">
    <p class='ocr_par' dir='ltr' id='par_1_14' title="bbox 196 3167 3006 3573">
     <span class='ocr_line' id='line_1_23' title="bbox 199 3167 2885 3257; baseline 0 -22"><span class='ocrx_word' id='word_1_205' title='bbox 199 3170 549 3257; x_wconf 84' lang='lat' dir='ltr'><strong>dispositO,</strong></span> <span class='ocrx_word' id='word_1_206' title='bbox 585 3191 744 3235; x_wconf 85' lang='lat' dir='ltr'><strong>uxor</strong></span> <span class='ocrx_word' id='word_1_207' title='bbox 788 3187 1102 3256; x_wconf 89' lang='lat' dir='ltr'><strong>superstes</strong></span> <span class='ocrx_word' id='word_1_208' title='bbox 1153 3169 1407 3235; x_wconf 89' lang='lat' dir='ltr'><strong>tutelam</strong></span> <span class='ocrx_word' id='word_1_209' title='bbox 1455 3167 1726 3234; x_wconf 89' lang='lat' dir='ltr'><strong>filiorum</strong></span> <span class='ocrx_word' id='word_1_210' title='bbox 1775 3190 1987 3253; x_wconf 85' lang='lat' dir='ltr'><strong>gerere</strong></span> <span class='ocrx_word' id='word_1_211' title='bbox 2034 3187 2241 3255; x_wconf 91' lang='lat' dir='ltr'><strong>potest</strong></span> <span class='ocrx_word' id='word_1_212' title='bbox 2289 3167 2454 3234; x_wconf 90' lang='lat' dir='ltr'><strong>nulla</strong></span> <span class='ocrx_word' id='word_1_213' title='bbox 2488 3172 2635 3235; x_wconf 90' lang='lat' dir='ltr'><strong>iuris</strong></span> <span class='ocrx_word' id='word_1_214' title='bbox 2669 3169 2885 3236; x_wconf 85' lang='lat' dir='ltr'><strong>obser-</strong></span> 
     </span>
     <span class='ocr_line' id='line_1_24' title="bbox 198 3273 2887 3364; baseline -0 -23"><span class='ocrx_word' id='word_1_215' title='bbox 198 3279 428 3344; x_wconf 89' lang='lat' dir='ltr'><strong>vantia</strong></span> <span class='ocrx_word' id='word_1_216' title='bbox 476 3278 850 3364; x_wconf 86' lang='lat' dir='ltr'><strong>perquisita,</strong></span> <span class='ocrx_word' id='word_1_217' title='bbox 897 3277 949 3341; x_wconf 89' lang='lat' dir='ltr'><strong>si</strong></span> <span class='ocrx_word' id='word_1_218' title='bbox 995 3275 1177 3341; x_wconf 87' lang='lat' dir='ltr'><strong>tuerit</strong></span> <span class='ocrx_word' id='word_1_219' title='bbox 1238 3275 1504 3340; x_wconf 88' lang='lat' dir='ltr'><strong>honesta</strong></span> <span class='ocrx_word' id='word_1_220' title='bbox 1550 3291 1611 3339; x_wconf 93' lang='lat' dir='ltr'><strong>et</strong></span> <span class='ocrx_word' id='word_1_221' title='bbox 1658 3273 1919 3361; x_wconf 90' lang='lat' dir='ltr'><strong>diligens</strong></span> <span class='ocrx_word' id='word_1_222' title='bbox 1990 3273 2471 3341; x_wconf 84' lang='lat' dir='ltr'><strong>administratrix</strong></span> <span class='ocrx_word' id='word_1_223' title='bbox 2517 3296 2578 3341; x_wconf 90' lang='lat' dir='ltr'><strong>et</strong></span> <span class='ocrx_word' id='word_1_224' title='bbox 2623 3274 2887 3342; x_wconf 88' lang='lat' dir='ltr'><strong>fideliter</strong></span> 
     </span>
     <span class='ocr_line' id='line_1_25' title="bbox 196 3380 2886 3470; baseline -0.002 -19"><span class='ocrx_word' id='word_1_225' title='bbox 196 3384 753 3465; x_wconf 84' lang='lat' dir='ltr'><strong>administraverit,</strong></span> <span class='ocrx_word' id='word_1_226' title='bbox 794 3404 1125 3470; x_wconf 89' lang='lat' dir='ltr'><strong>quousque</strong></span> <span class='ocrx_word' id='word_1_227' title='bbox 1171 3397 1381 3446; x_wconf 87' lang='lat' dir='ltr'><strong>tamen</strong></span> <span class='ocrx_word' id='word_1_228' title='bbox 1429 3380 1504 3445; x_wconf 92' lang='lat' dir='ltr'><strong>ad</strong></span> <span class='ocrx_word' id='word_1_229' title='bbox 1551 3380 1826 3447; x_wconf 89' lang='lat' dir='ltr'><strong>secunda</strong></span> <span class='ocrx_word' id='word_1_230' title='bbox 1874 3398 2021 3446; x_wconf 88' lang='lat' dir='ltr'><strong>vota</strong></span> <span class='ocrx_word' id='word_1_231' title='bbox 2069 3403 2200 3446; x_wconf 89' lang='lat' dir='ltr'><strong>non</strong></span> <span class='ocrx_word' id='word_1_232' title='bbox 2248 3383 2576 3448; x_wconf 87' lang='lat' dir='ltr'><strong>transierit.</strong></span> <span class='ocrx_word' id='word_1_233' title='bbox 2626 3381 2689 3446; x_wconf 93' lang='lat' dir='ltr'><strong>Si</strong></span> <span class='ocrx_word' id='word_1_234' title='bbox 2734 3403 2886 3447; x_wconf 92' lang='lat' dir='ltr'><strong>vero</strong></span> 
     </span>
     <span class='ocr_line' id='line_1_26' title="bbox 198 3484 3006 3573; baseline -0.002 -14"><span class='ocrx_word' id='word_1_235' title='bbox 198 3490 288 3559; x_wconf 88' lang='lat' dir='ltr'><strong>ad</strong></span> <span class='ocrx_word' id='word_1_236' title='bbox 329 3489 598 3557; x_wconf 70' lang='lat' dir='ltr'><strong>secunda</strong></span> <span class='ocrx_word' id='word_1_237' title='bbox 645 3509 790 3556; x_wconf 93' lang='lat' dir='ltr'><strong>vota</strong></span> <span class='ocrx_word' id='word_1_238' title='bbox 845 3487 1297 3568; x_wconf 85' lang='lat' dir='ltr'><strong>convolaverit,</strong></span> <span class='ocrx_word' id='word_1_239' title='bbox 1329 3504 1499 3552; x_wconf 86' lang='lat' dir='ltr'><strong>tutor</strong></span> <span class='ocrx_word' id='word_1_240' title='bbox 1534 3487 1849 3573; x_wconf 85' lang='lat' dir='ltr'><strong>legitimus</strong></span> <span class='ocrx_word' id='word_1_241' title='bbox 1897 3487 1948 3550; x_wconf 90' lang='lat' dir='ltr'><strong>si</strong></span> <span class='ocrx_word' id='word_1_242' title='bbox 1994 3484 2176 3552; x_wconf 89' lang='lat' dir='ltr'><strong>fuerit</strong></span> <span class='ocrx_word' id='word_1_243' title='bbox 2207 3486 2283 3551; x_wconf 92' lang='lat' dir='ltr'><strong>ad</strong></span> <span class='ocrx_word' id='word_1_244' title='bbox 2318 3485 2881 3553; x_wconf 86' lang='lat' dir='ltr'><strong>administrandum</strong></span> <span class='ocrx_word' id='word_1_245' title='bbox 2941 3515 3006 3568; x_wconf 84' lang='lat'><strong>25</strong></span> 
     </span>
    </p>
   </div>
   <div class='ocr_carea' id='block_1_15' title="bbox 191 3590 2888 3980">
    <p class='ocr_par' dir='ltr' id='par_1_15' title="bbox 191 3590 2888 3980">
     <span class='ocr_line' id='line_1_27' title="bbox 194 3590 2888 3681; baseline -0.002 -16"><span class='ocrx_word' id='word_1_246' title='bbox 194 3597 503 3680; x_wconf 89' lang='lat' dir='ltr'><strong>idoneus,</strong></span> <span class='ocrx_word' id='word_1_247' title='bbox 550 3598 918 3663; x_wconf 89' lang='lat' dir='ltr'><strong>auctoritate</strong></span> <span class='ocrx_word' id='word_1_248' title='bbox 963 3596 1170 3661; x_wconf 90' lang='lat' dir='ltr'><strong>curiae</strong></span> <span class='ocrx_word' id='word_1_249' title='bbox 1215 3593 1585 3662; x_wconf 89' lang='lat' dir='ltr'><strong>eorumdem</strong></span> <span class='ocrx_word' id='word_1_250' title='bbox 1634 3590 2019 3681; x_wconf 86' lang='lat' dir='ltr'><strong>pupillorum</strong></span> <span class='ocrx_word' id='word_1_251' title='bbox 2093 3592 2351 3659; x_wconf 89' lang='lat' dir='ltr'><strong>tutelam</strong></span> <span class='ocrx_word' id='word_1_252' title='bbox 2397 3615 2609 3678; x_wconf 87' lang='lat' dir='ltr'><strong>gerere</strong></span> <span class='ocrx_word' id='word_1_253' title='bbox 2657 3610 2888 3680; x_wconf 89' lang='lat' dir='ltr'><strong>potest,</strong></span> 
     </span>
     <span class='ocr_line' id='line_1_28' title="bbox 191 3697 2882 3786; baseline -0.003 -17"><span class='ocrx_word' id='word_1_254' title='bbox 191 3701 374 3769; x_wconf 87' lang='lat' dir='ltr'><strong>facto</strong></span> <span class='ocrx_word' id='word_1_255' title='bbox 422 3703 792 3770; x_wconf 81' lang='lat' dir='ltr'><strong>inventario,</strong></span> <span class='ocrx_word' id='word_1_256' title='bbox 857 3701 920 3767; x_wconf 92' lang='lat' dir='ltr'><strong>Si</strong></span> <span class='ocrx_word' id='word_1_257' title='bbox 968 3719 1177 3768; x_wconf 86' lang='lat' dir='ltr'><strong>antem</strong></span> <span class='ocrx_word' id='word_1_258' title='bbox 1222 3699 1535 3786; x_wconf 85' lang='lat' dir='ltr'><strong>legitimus</strong></span> <span class='ocrx_word' id='word_1_259' title='bbox 1585 3720 1717 3763; x_wconf 89' lang='lat' dir='ltr'><strong>non</strong></span> <span class='ocrx_word' id='word_1_260' title='bbox 1763 3699 2117 3780; x_wconf 90' lang='lat' dir='ltr'><strong>invenitur,</strong></span> <span class='ocrx_word' id='word_1_261' title='bbox 2161 3699 2330 3763; x_wconf 87' lang='lat' dir='ltr'><strong>curia</strong></span> <span class='ocrx_word' id='word_1_262' title='bbox 2378 3720 2454 3763; x_wconf 84' lang='lat' dir='ltr'><strong>ex</strong></span> <span class='ocrx_word' id='word_1_263' title='bbox 2502 3697 2715 3764; x_wconf 88' lang='lat' dir='ltr'><strong>officio</strong></span> <span class='ocrx_word' id='word_1_264' title='bbox 2763 3719 2882 3762; x_wconf 91' lang='lat' dir='ltr'><strong>suo</strong></span> 
     </span>
     <span class='ocr_line' id='line_1_29' title="bbox 193 3802 2887 3895; baseline -0.002 -22"><span class='ocrx_word' id='word_1_265' title='bbox 193 3809 415 3874; x_wconf 88' lang='lat' dir='ltr'><strong>virum</strong></span> <span class='ocrx_word' id='word_1_266' title='bbox 447 3808 749 3875; x_wconf 88' lang='lat' dir='ltr'><strong>idoneum</strong></span> <span class='ocrx_word' id='word_1_267' title='bbox 781 3808 928 3893; x_wconf 86' lang='lat' dir='ltr'><strong>ipsis</strong></span> <span class='ocrx_word' id='word_1_268' title='bbox 961 3807 1206 3895; x_wconf 88' lang='lat' dir='ltr'><strong>pupillis</strong></span> <span class='ocrx_word' id='word_1_269' title='bbox 1241 3824 1517 3872; x_wconf 87' lang='lat' dir='ltr'><strong>tutorem</strong></span> <span class='ocrx_word' id='word_1_270' title='bbox 1563 3804 1925 3873; x_wconf 89' lang='lat' dir='ltr'><strong>constituat.</strong></span> <span class='ocrx_word' id='word_1_271' title='bbox 1967 3803 2087 3869; x_wconf 87' lang='lat' dir='ltr'><strong>Sed</strong></span> <span class='ocrx_word' id='word_1_272' title='bbox 2123 3803 2256 3869; x_wconf 90' lang='lat' dir='ltr'><strong>viro</strong></span> <span class='ocrx_word' id='word_1_273' title='bbox 2291 3821 2520 3870; x_wconf 89' lang='lat' dir='ltr'><strong>testato</strong></span> <span class='ocrx_word' id='word_1_274' title='bbox 2563 3802 2887 3883; x_wconf 84' lang='lat' dir='ltr'><strong>defunctO,</strong></span> 
     </span>
     <span class='ocr_line' id='line_1_30' title="bbox 191 3907 2886 3980; baseline -0.003 0"><span class='ocrx_word' id='word_1_275' title='bbox 191 3931 383 3980; x_wconf 89' lang='lat' dir='ltr'><strong>tutor</strong></span> <span class='ocrx_word' id='word_1_276' title='bbox 427 3913 502 3977; x_wconf 90' lang='lat' dir='ltr'><strong>ab</strong></span> <span class='ocrx_word' id='word_1_277' title='bbox 549 3913 773 3979; x_wconf 90' lang='lat' dir='ltr'><strong>eodem</strong></span> <span class='ocrx_word' id='word_1_278' title='bbox 823 3914 888 3977; x_wconf 89' lang='lat' dir='ltr'><strong>in</strong></span> <span class='ocrx_word' id='word_1_279' title='bbox 934 3930 1317 3979; x_wconf 85' lang='lat' dir='ltr'><strong>testamento</strong></span> <span class='ocrx_word' id='word_1_280' title='bbox 1364 3911 1741 3976; x_wconf 90' lang='lat' dir='ltr'><strong>constitutus</strong></span> <span class='ocrx_word' id='word_1_281' title='bbox 1791 3932 1867 3975; x_wconf 83' lang='lat' dir='ltr'><strong>ex</strong></span> <span class='ocrx_word' id='word_1_282' title='bbox 1909 3907 2045 3974; x_wconf 89' lang='lat' dir='ltr'><strong>sola</strong></span> <span class='ocrx_word' id='word_1_283' title='bbox 2100 3910 2457 3975; x_wconf 87' lang='lat' dir='ltr'><strong>testamenti</strong></span> <span class='ocrx_word' id='word_1_284' title='bbox 2513 3908 2886 3975; x_wconf 87' lang='lat' dir='ltr'><strong>auctoritate</strong></span> 
     </span>
    </p>
   </div>
   <div class='ocr_carea' id='block_1_16' title="bbox 195 4016 3010 4262">
    <p class='ocr_par' dir='ltr' id='par_1_16' title="bbox 195 4016 3010 4262">
     <span class='ocr_line' id='line_1_31' title="bbox 195 4016 3010 4092; baseline -0.003 -7"><span class='ocrx_word' id='word_1_285' title='bbox 195 4016 470 4085; x_wconf 87' lang='lat' dir='ltr'><strong>tutelam</strong></span> <span class='ocrx_word' id='word_1_286' title='bbox 517 4018 837 4084; x_wconf 89' lang='lat' dir='ltr'><strong>minorum</strong></span> <span class='ocrx_word' id='word_1_287' title='bbox 885 4016 1290 4084; x_wconf 88' lang='lat' dir='ltr'><strong>administrat.</strong></span> <span class='ocrx_word' id='word_1_288' title='bbox 2941 4036 3010 4092; x_wconf 86' lang='lat'><strong>30</strong></span> 
     </span>
     <span class='ocr_line' id='line_1_32' title="bbox 391 4177 1898 4262; baseline -0.001 -19"><span class='ocrx_word' id='word_1_289' title='bbox 391 4179 472 4243; x_wconf 91' lang='grc'><strong>17.</strong></span> <span class='ocrx_word' id='word_1_290' title='bbox 520 4180 698 4261; x_wconf 74' lang='lat' dir='ltr'><strong>Apud</strong></span> <span class='ocrx_word' id='word_1_291' title='bbox 746 4197 933 4262; x_wconf 83' lang='lat' dir='ltr'><strong>quem</strong></span> <span class='ocrx_word' id='word_1_292' title='bbox 981 4180 1257 4243; x_wconf 80' lang='lat' dir='ltr'><strong>minores</strong></span> <span class='ocrx_word' id='word_1_293' title='bbox 1306 4178 1561 4242; x_wconf 67' lang='lat' dir='ltr'><strong>edueati</strong></span> <span class='ocrx_word' id='word_1_294' title='bbox 1607 4177 1898 4242; x_wconf 85' lang='lat' dir='ltr'><strong>debeant.</strong></span> 
     </span>
    </p>
   </div>
   <div class='ocr_carea' id='block_1_17' title="bbox 199 4330 3144 4525">
    <p class='ocr_par' dir='ltr' id='par_1_17' title="bbox 199 4330 3144 4525">
     <span class='ocr_line' id='line_1_33' title="bbox 393 4330 3144 4423; baseline -0.003 -22"><span class='ocrx_word' id='word_1_295' title='bbox 393 4335 673 4402; x_wconf 89' lang='lat' dir='ltr'><strong>Minores</strong></span> <span class='ocrx_word' id='word_1_296' title='bbox 720 4334 881 4423; x_wconf 89' lang='lat' dir='ltr'><strong>apud</strong></span> <span class='ocrx_word' id='word_1_297' title='bbox 929 4353 1203 4402; x_wconf 89' lang='lat' dir='ltr'><strong>tutorem</strong></span> <span class='ocrx_word' id='word_1_298' title='bbox 1249 4356 1435 4400; x_wconf 90' lang='lat' dir='ltr'><strong>suum</strong></span> <span class='ocrx_word' id='word_1_299' title='bbox 1507 4333 1755 4400; x_wconf 88' lang='lat' dir='ltr'><strong>educari</strong></span> <span class='ocrx_word' id='word_1_300' title='bbox 1802 4333 2075 4415; x_wconf 89' lang='lat' dir='ltr'><strong>debent,</strong></span> <span class='ocrx_word' id='word_1_301' title='bbox 2122 4348 2384 4418; x_wconf 85' lang='lat' dir='ltr'><strong>excepto</strong></span> <span class='ocrx_word' id='word_1_302' title='bbox 2431 4332 2483 4395; x_wconf 90' lang='lat' dir='ltr'><strong>si</strong></span> <span class='ocrx_word' id='word_1_303' title='bbox 2532 4347 2728 4397; x_wconf 90' lang='lat' dir='ltr'><strong>mater</strong></span> <span class='ocrx_word' id='word_1_304' title='bbox 2783 4330 2883 4395; x_wconf 88' lang='lat' dir='ltr'><strong>vel</strong></span> <span class='ocrx_word' id='word_1_305' title='bbox 2936 4353 3144 4409; x_wconf 76' lang='lat' dir='ltr'><strong>·r.A.13</strong></span> 
     </span>
     <span class='ocr_line' id='line_1_34' title="bbox 199 4435 2883 4525; baseline -0.002 -18"><span class='ocrx_word' id='word_1_306' title='bbox 199 4443 400 4508; x_wconf 85' lang='lat' dir='ltr'><strong>amita</strong></span> <span class='ocrx_word' id='word_1_307' title='bbox 448 4462 559 4507; x_wconf 90' lang='lat' dir='ltr'><strong>eos</strong></span> <span class='ocrx_word' id='word_1_308' title='bbox 605 4440 867 4507; x_wconf 86' lang='lat' dir='ltr'><strong>educare</strong></span> <span class='ocrx_word' id='word_1_309' title='bbox 913 4440 1199 4523; x_wconf 85' lang='lat' dir='ltr'><strong>voluerit,</strong></span> <span class='ocrx_word' id='word_1_310' title='bbox 1245 4458 1307 4507; x_wconf 93' lang='lat' dir='ltr'><strong>et</strong></span> <span class='ocrx_word' id='word_1_311' title='bbox 1353 4459 1503 4506; x_wconf 86' lang='lat' dir='ltr'><strong>tunc</strong></span> <span class='ocrx_word' id='word_1_312' title='bbox 1543 4462 1577 4505; x_wconf 89' lang='lat' dir='ltr'><strong>a</strong></span> <span class='ocrx_word' id='word_1_313' title='bbox 1609 4457 1816 4506; x_wconf 88' lang='lat' dir='ltr'><strong>tutore</strong></span> <span class='ocrx_word' id='word_1_314' title='bbox 1865 4460 1980 4525; x_wconf 91' lang='lat' dir='ltr'><strong>pro</strong></span> <span class='ocrx_word' id='word_1_315' title='bbox 2030 4459 2252 4503; x_wconf 86' lang='lat' dir='ltr'><strong>eorum</strong></span> <span class='ocrx_word' id='word_1_316' title='bbox 2301 4436 2673 4502; x_wconf 89' lang='lat' dir='ltr'><strong>educatione</strong></span> <span class='ocrx_word' id='word_1_317' title='bbox 2720 4435 2883 4502; x_wconf 87' lang='lat' dir='ltr'><strong>vitae</strong></span> 
     </span>
    </p>
   </div>
   <div class='ocr_carea' id='block_1_18' title="bbox 205 4542 1748 4614">
    <p class='ocr_par' dir='ltr' id='par_1_18' title="bbox 205 4542 1748 4614">
     <span class='ocr_line' id='line_1_35' title="bbox 205 4542 1748 4614; baseline -0.001 -2"><span class='ocrx_word' id='word_1_318' title='bbox 205 4548 560 4614; x_wconf 87' lang='lat' dir='ltr'><strong>necessaria</strong></span> <span class='ocrx_word' id='word_1_319' title='bbox 606 4544 809 4613; x_wconf 89' lang='lat' dir='ltr'><strong>eidem</strong></span> <span class='ocrx_word' id='word_1_320' title='bbox 860 4545 1039 4612; x_wconf 86' lang='lat' dir='ltr'><strong>matri</strong></span> <span class='ocrx_word' id='word_1_321' title='bbox 1087 4546 1183 4612; x_wconf 90' lang='lat' dir='ltr'><strong>vel</strong></span> <span class='ocrx_word' id='word_1_322' title='bbox 1230 4545 1456 4612; x_wconf 87' lang='lat' dir='ltr'><strong>amitae</strong></span> <span class='ocrx_word' id='word_1_323' title='bbox 1500 4542 1748 4611; x_wconf 87' lang='lat' dir='ltr'><strong>dantur.</strong></span> 
     </span>
    </p>
   </div>
   <div class='ocr_carea' id='block_1_19' title="bbox 368 4718 2323 4778">
    <p class='ocr_par' dir='ltr' id='par_1_19' title="bbox 368 4718 2323 4778">
     <span class='ocr_line' id='line_1_36' title="bbox 368 4718 2323 4778; baseline -0.003 -2"><span class='ocrx_word' id='word_1_324' title='bbox 368 4736 429 4777; x_wconf 69' lang='grc' dir='ltr'><strong>τι</strong></span> <span class='ocrx_word' id='word_1_325' title='bbox 471 4720 646 4777; x_wconf 80' lang='lat' dir='ltr'><strong>factos</strong></span> <span class='ocrx_word' id='word_1_326' title='bbox 683 4720 1408 4778; x_wconf 63' lang='lat' dir='ltr'><strong>HAR&#39;rmffi—BRUNNECK</strong></span> <span class='ocrx_word' id='word_1_327' title='bbox 1446 4719 1565 4775; x_wconf 88' lang='lat' dir='ltr'><strong>dice</strong></span> <span class='ocrx_word' id='word_1_328' title='bbox 1603 4720 1703 4774; x_wconf 87' lang='lat' dir='ltr'><strong>che</strong></span> <span class='ocrx_word' id='word_1_329' title='bbox 1741 4719 1976 4774; x_wconf 64' lang='lat' dir='ltr'><strong>Aprum</strong></span> <span class='ocrx_word' id='word_1_330' title='bbox 2012 4718 2084 4773; x_wconf 89' lang='lat' dir='ltr'><strong>ha</strong></span> <span class='ocrx_word' id='word_1_331' title='bbox 2121 4718 2323 4775; x_wconf 70' lang='lat' dir='ltr'><strong>foetos.</strong></span> 
     </span>
    </p>
   </div>
  </div>
 </body>
</html>
