3534 5450
1365 476 1445 490 ..-
1483 445 1525 505 3
1568 474 1643 492 ..-

946 584 1573 662 DICHIARAZIONI
1615 584 1704 660 DI
1746 584 2088 660 APPULO·

622 731 870 817 vuluntate
908 731 1022 815 nono
1061 731 1090 806 ll
1129 733 1250 809 1881ss
1289 730 1406 806 (lelle
1445 729 1763 807 consuetudin}
1805 729 2131 805 nell’efllzlone
2170 727 2240 803 (lel
2274 727 2417 803 1498.

358 960 437 1023 lo.
486 958 710 1021 Petrus
756 958 993 1037 Apulus
1039 956 1121 1020 Μ.
1174 955 1249 1019 D.
1298 956 1627 1020 francisco
1671 955 1751 1019 de
1798 956 2159 1031 minutulis,
2207 955 2396 1020 Petro
2454 953 2737 1036 Paper-do
2782 958 2848 1019 ot

176 1067 425 1132 Andr-ea
472 1065 704 1130 Oulooa
753 1064 1057 1128 iudicibus
1105 1063 1323 1127 nobilis
1367 1064 1632 1127 civitatis
1677 1064 2004 1128 Messanae
2047 1064 2333 1127 salutem.

360 1204 593 1270 Tribus
637 1202 718 1268 de
765 1202 968 1286 rebuS‚
1016 1201 1340 1267 clarissimi
1387 1201 1543 1284 viri,
1605 1202 1731 1268 hoc
1802 1224 2018 1269 mense
2083 1201 2345 1268 laetatus
2405 1224 2590 1271 sum:
2660 1201 2846 1291 idque

182 1312 323 1401 plus
368 1308 559 1376 corde
602 1324 981 1392 conceptum
1031 1328 1219 1392 quam
1267 1328 1377 1371 ore
1426 1327 1825 1392 progressum
1882 1307 2125 1373 scitote.
2195 1306 2357 1374 Nam
2429 1328 2575 1372 cum
2645 1325 2850 1373 vester

179 1418 614 1502 Hieronymus
664 1431 832 1498 pater
880 1432 1056 1476 meus
1104 1409 1406 1495 dignitate
1448 1430 1570 1497 qua
1626 1430 1741 1475 vos
1807 1410 2007 1477 modo
2067 1410 2310 1498 fulgetis
2372 1411 2542 1478 hunc
2608 1433 2846 1478 annum

182 1521 543 1611 perfunctus
588 1520 688 1600 sit,
734 1537 796 1582 et
840 1515 1097 1582 demum
1149 1515 1303 1581 tanti
1350 1516 1612 1581 honoris
1660 1537 1731 1582 ac
1786 1532 1994 1585 tantae
2048 1518 2372 1604 potestatis
2418 1539 2530 1583 sua
2597 1516 2698 1584 die
2756 1539 2848 1583 re-

179 1630 367 1699 lictor
411 1648 482 1693 ac
529 1625 964 1713 praedecessor
1010 1621 1204 1688 factus
1275 1622 1400 1689 sit.-
1470 1623 1693 1709 gratias
1757 1644 1878 1710 ago
1947 1622 2286 1690 immortali
2356 1624 2517 1691 Deo,
2587 1623 2851 1690 Liberati

180 1737 355 1803 enim
403 1753 623 1799 sumus
670 1754 703 1796 a
750 1749 847 1797 tot
892 1728 1236 1810 laboribuS,
1284 1750 1316 1793 a
1365 1746 1460 1794 tot
1507 1730 1843 1815 angustiis,
1891 1753 1925 1795 a
1996 1730 2239 1797 militari
2307 1730 2560 1797 servitio
2626 1731 2852 1797 diurno

183 1856 674 1925 nocturnoque3
721 1857 853 1901 non
900 1834 1168 1921 amplius
1217 1856 1538 1899 armorum
1591 1835 1924 1922 strepitus:
1973 1859 2106 1901 non
2162 1856 2491 1903 rumores:
2543 1860 2677 1904 non
2733 1838 2853 1904 cla·

184 1968 399 2013 mores
448 1943 780 2009 hominum
832 1957 1042 2006 tantos
1090 1939 1420 2006 audimus:
1469 1938 1694 2027 quibus
1741 1938 1893 2005 dum
1944 1939 2043 2006 ille
2088 1961 2157 2007 ut
2202 1941 2387 2007 iudex
2432 1960 2501 2008 ut
2544 1941 2855 2011 locumte-

184 2073 346 2119 nens
393 2050 495 2116 die
538 2065 858 2132 noctuque
904 2043 1285 2122 lassabatur3
1333 2043 1635 2110 sentiebat
1682 2042 1742 2108 id
1791 2066 2046 2133 quoque
2107 2068 2268 2112 onus
2316 2047 2563 2114 lamilia.
2611 2050 2855 2116 Gratias

184 2158 332 2223 Deo
376 2174 611 2221 rursus.
657 2152 736 2217 Et
778 2152 918 2237 quis
967 2169 1211 2236 poterat
1256 2151 1521 2215 istorum
1571 2149 1802 2215 civium
1850 2150 2186 2217 seditiones
2244 2152 2343 2217 vel
2410 2154 2619 2241 potius
2665 2177 2856 2243 appa·

182 2281 359 2329 ratus
407 2260 693 2348 placare?
738 2277 799 2322 et
845 2259 983 2343 quis
1029 2254 1334 2322 sufferre?
1387 2256 1552 2321 Nam
1623 2272 1685 2322 et
1741 2255 1940 2344 (quod
2011 2256 2345 2324 taediosius
2414 2260 2569 2349 erat)
2634 2262 2859 2349 cuique

186 2367 415 2435 infimo
463 2364 782 2453 potentior
829 2378 958 2428 erat
1003 2360 1248 2427 idolus:
1299 2361 1397 2426 cui
1445 2360 1767 2448 displicere
1811 2361 2198 2449 impossibile
2243 2383 2392 2433 erat.
2439 2367 2607 2433 Hinc
2653 2385 2713 2434 et
2745 2367 2861 2433 alia

188 2474 352 2541 mibi
400 2471 655 2538 accessit
699 2469 975 2535 laeticiae
1020 2491 1202 2534 causa
1233 2466 1405 2555 quod
1439 2484 1676 2533 veteres
1710 2466 1944 2533 iudices
1978 2467 2165 2533 fuisse
2197 2470 2484 2537 innovari
2517 2473 2860 2559 cogitatum

190 2578 464 2668 percepi.
513 2577 775 2643 Summa
821 2573 991 2640 enim
1059 2594 1198 2659 spes
1247 2571 1400 2637 mihi
1471 2573 1679 2638 evenit
1723 2573 1773 2637 si
1823 2571 2121 2639 doctores
2191 2577 2512 2643 annuatim
2584 2578 2862 2645 honores

188 2685 459 2753 civitatis
508 2682 648 2750 trini
701 2682 1086 2770 participent.
1127 2678 1363 2745 Verum
1412 2701 1608 2767 quum
1659 2701 1774 2745 vos
1821 2677 2009 2745 fuisse
2057 2681 2287 2748 electos
2323 2682 2584 2752 relatum
2632 2704 2764 2753 est:
2804 2703 2865 2752 et

190 2792 482 2882 perspexi
531 2808 592 2856 et
637 2789 865 2875 agnovi
912 2808 1028 2853 vos
1076 2787 1246 2873 ipsos
1294 2808 1407 2872 pro
1455 2786 1742 2852 tribunali
1790 2786 2024 2872 sedere,
2072 2807 2392 2875 postrema
2437 2807 2501 2857 et
2543 2791 2866 2859 ineffabilis

191 2895 313 2962 fuit
359 2896 512 2960 mihi
574 2890 1054 2981 quodammodo
1101 2891 1314 2956 innata
1379 2888 1748 2975 gratulatio:
1799 2913 1943 2957 cum
1993 2891 2228 2980 probos
2297 2912 2360 2960 et
2409 2894 2638 2962 doctos
2697 2896 2868 2961 viros

195 2987 428 3068 habeat
474 3001 537 3065 in
586 3018 857 3065 rectores
903 2999 1054 3063 baec
1101 2998 1317 3063 civitas
1367 2998 1561 3083 patria
1606 3016 1863 3078 nostra3
1912 3012 1976 3065 et
2021 3021 2178 3086 quae
2224 3020 2447 3068 cuncta
2501 3023 2661 3089 equa
2689 3001 2868 3068 lance

122 3147 131 3153 ·
193 3106 537 3175 diiudicare
581 3106 756 3172 facile
800 3123 1051 3190 queant.
1099 3102 1367 3170 Proinde
1415 3125 1543 3170 non
1595 3103 1853 3182 ambigo
1903 3127 2046 3187 me,
2096 3104 2198 3171 tali
2244 3105 2618 3173 dominante
2680 3108 2872 3194 magi·

193 3228 419 3295 stratu,
468 3212 729 3277 minime
776 3230 963 3296 posse
1007 3231 1042 3274 a
1086 3229 1341 3294 quoque
1385 3206 1649 3295 deprimi
1696 3207 1795 3274 vel
1843 3207 2258 3276 obtrectatum
2309 3210 2423 3294 iri,
2469 3212 2620 3299 quin
2682 3234 2868 3300 spero

194 3319 534 3386 contractis
582 3314 1020 3382 malivolorum
1072 3312 1264 3396 taelis,
1311 3329 1520 3379 vestro
1566 3311 1779 3378 favore
1824 3335 1896 3380 ac
1949 3315 2253 3401 praesidio
2312 3338 2414 3381 me
2484 3315 2560 3383 ad
2629 3317 2869 3384 maiora

198 3443 646 3517 processurum
694 3418 1299 3506 convolaturumque
1350 3418 1428 3485 ad
1498 3418 1735 3487 altiora.
1807 3419 1927 3486 Sed
1996 3443 2300 3507 quorsum
2372 3422 2573 3489 haec?
2616 3422 2869 3512 quidam

198 3530 459 3611 idiotae,
506 3525 760 3614 quidam
804 3527 1102 3614 gigantes,
1149 3523 1402 3612 quidam
1452 3525 1697 3611 prothei
1743 3543 1893 3593 sunt
1938 3547 1998 3593 et
2046 3527 2198 3592 mihi
2232 3543 2294 3594 et
2327 3527 2505 3593 vobis
2538 3546 2599 3594 et
2627 3528 2870 3594 cunctis

198 3636 419 3722 legum
468 3631 835 3699 doctoribus
881 3632 1159 3697 acerrimi
1208 3631 1438 3698 hostes·
1494 3631 1747 3697 Auxilio
1803 3654 1964 3720 opus
2034 3652 2173 3715 est,
2240 3630 2524 3698 officium
2594 3650 2872 3701 vestrum

200 3740 482 3829 imploro
510 3796 526 3822 ,
571 3738 842 3824 efflagito
871 3795 885 3821 ‚
935 3759 1210 3824 exposco
1238 3792 1254 3819 ,
1301 3736 1511 3804 fideles
1560 3738 1706 3824 regii
1758 3757 1820 3805 et
1874 3739 2278 3806 iureconsulti
2348 3741 2616 3828 optimi,
2678 3741 2876 3808 favete

202 3846 365 3913 mihi
411 3847 463 3911 si
509 3845 805 3912 studiosis
850 3863 912 3910 et
957 3843 1208 3909 literatis
1258 3843 1583 3909 iuvenibus
1632 3844 1922 3930 opitulari
1966 3843 2222 3912 soletis:
2272 3849 2322 3911 si
2372 3845 2448 3911 ad
2511 3844 2876 3913 doctoratus

201 3954 448 4041 apicem
496 3951 764 4039 aspirare
811 3950 1091 4015 volentes
1139 3950 1294 4015 tueri
1343 3972 1589 4038 semper
1633 3951 2006 4019 consuestis,
2068 3950 2322 4019 Habetis
2392 3952 2564 4017 enim
2628 3973 2871 4017 merum

205 4078 269 4126 et
316 4057 588 4122 mixtum
641 4055 993 4143 imperium.
1043 4055 1200 4121 Satis
1248 4055 1480 4122 scilicet
1524 4054 1746 4124 dubito
1796 4078 1875 4122 ne
1922 4055 2162 4122 labores
2209 4057 2333 4123 mci
2400 4074 2619 4124 contra
2690 4056 2876 4143 privi-

205 4165 369 4249 legia
417 4160 577 4227 forte
620 4159 981 4247 allegentur.
1027 4161 1146 4227 Sed
1195 4162 1304 4229 etsi
1354 4162 1486 4228 scio
1534 4183 1648 4228 vos
1695 4164 1957 4229 minime
2001 4163 2187 4228 latere
2235 4161 2496 4250 qualiter
2555 4179 2767 4228 erant:
2817 4178 2881 4227 et

206 4268 473 4358 qualiter
518 4286 666 4334 sunt
711 4284 939 4334 statuta
987 4268 1330 4352 Messanae,
1376 4268 1578 4334 dicam
1637 4289 1848 4335 tamen
1918 4267 2086 4334 brevi
2156 4267 2326 4355 quod
2388 4268 2546 4335 feci:
2593 4289 2674 4333 ne
2741 4268 2880 4355 quis

207 4373 427 4442 effreni
476 4373 798 4441 voluntate
842 4373 1065 4441 ductus
1117 4396 1218 4439 me
1264 4396 1463 4442 cornu
1513 4393 1721 4463 petere
1766 4391 1874 4442 aut
1922 4374 2210 4442 mordere
2276 4371 2525 4441 festinet
2570 4372 2725 4462 quod
2768 4393 2880 4439 an-

208 4484 449 4570 tiquum
496 4478 766 4546 ordinem
800 4493 1132 4570 pervertere
1175 4503 1298 4548 non
1344 4480 1710 4551 debuissem.-
1757 4482 1915 4571 quod
1960 4481 2148 4548 multa
2203 4479 2457 4547 addere:
2505 4476 2697 4545 multa
2767 4480 2881 4545 mi·

209 4608 395 4653 nuere
426 4584 693 4672 fortasse
736 4583 810 4651 ab
855 4607 919 4653 re
985 4586 1196 4655 videar
1266 4587 1545 4657 voluisse.
1616 4588 1750 4675 Ego
1818 4589 2049 4676 quippe
2116 4606 2362 4674 semper
2427 4603 2692 4652 conatus
2738 4607 2882 4651 sum

212 4708 448 4757 cuncta
492 4690 690 4757 facere
734 4707 801 4757 et
845 4708 1087 4759 mature
1132 4708 1195 4759 et
1240 4691 1548 4760 ordinate.
1595 4693 1766 4759 Haec
1813 4693 1979 4759 enim
2012 4691 2143 4759 duo
2174 4709 2271 4759 sat
2301 4689 2596 4779 ponderis
2641 4707 2887 4777 gerunt.

215 4793 652 4863 Nihilominus
699 4814 819 4881 ego
867 4793 1102 4863 nedum
1150 4815 1265 4862 vos
1310 4795 1420 4864 sed
1467 4813 1732 4866 cunctos
1773 4797 1961 4865 etiam
2007 4796 2391 4884 iurisperitos
2436 4796 2502 4861 in
2551 4802 2710 4861 hanc
2755 4814 2887 4861 rem

2915 1951 2982 1989 10

2921 2480 2980 2533 15

2920 3012 2991 3053 20

2927 3542 2990 3596 25

2934 4070 3004 4125 30

2945 4595 3006 4649 35
