3534 5450
615 509 817 583 tiones
861 508 1055 598 ipsius
1100 509 1323 597 longas
1371 509 1699 585 dilationes
1749 513 1974 600 exigat,
2015 512 2379 601 quindecim
2422 512 2670 583 dierum
2723 515 3066 584 terminum
3113 533 3293 583 exce-

613 616 853 702 dentes,
899 616 1073 706 quod
1119 616 1474 689 nullatenus
1520 617 1825 701 audiatur,
1872 618 1982 690 sed
2030 619 2183 693 facta
2230 617 2549 687 solutione
2597 642 2903 708 pereum,
2933 619 3289 702 dilationes,

613 745 765 810 quas
812 723 1078 812 petierit,
1124 722 1350 795 idonea
1396 726 1689 796 cautione
1733 747 1767 789 a
1813 725 2126 797 creditore
2178 744 2466 814 recepta,
2513 728 2962 795 concedantur.
3031 726 3170 806 Qui
3240 725 3291 792 si

615 828 967 916 probaverit
1009 829 1286 917 legitime
1330 829 1717 897 solutionem
1765 830 2110 915 obtentam,
2157 832 2428 899 creditor
2475 834 2758 900 restituat
2798 831 2913 898 sibi
2948 832 3149 920 ipsam
3183 853 3290 918 pe·

531 959 556 1010 5
615 935 866 1000 cuniam
910 951 973 1000 et
1015 934 1412 1002 tantundem.
1460 935 1630 1002 Haec
1674 935 2081 1030 intelligenda
2124 959 2273 1006 sunt
2319 939 2383 1004 in
2430 940 2866 1005 instrumentis
2907 939 3131 1022 mutui,
3184 959 3290 1004 co-

455 1049 486 1119 ς
526 1063 562 1116 4
617 1039 854 1107 modati
899 1056 961 1108 et
1005 1040 1292 1129 depositi,
1340 1044 1406 1108 in
1453 1041 1772 1109 solutione
1819 1044 1868 1109 si
1917 1063 2297 1133 opponatur,
2346 1063 2408 1114 et
2453 1047 2515 1111 in
2551 1046 2920 1139 exceptione
2951 1045 3289 1115 solutionis

616 1164 862 1214 tantum
909 1147 1181 1218 obtenta.
1228 1151 1299 1215 In
1348 1151 1599 1217 caeteris
1647 1169 1857 1217 autem
1906 1151 2120 1218 locum
2158 1151 2391 1218 habeat
2434 1153 2530 1217 ius
2580 1174 2926 1218 commune
2971 1171 3031 1218 et
3062 1154 3147 1217 ita
3181 1151 3290 1217 fuit

617 1255 942 1341 provisum
988 1275 1052 1328 et
1096 1258 1585 1345 pronunciatum
1632 1257 1709 1327 de
1756 1258 2079 1327 voluntate
2142 1260 2457 1327 omnium.
2528 1259 2686 1327 Item
2754 1277 2817 1327 et
2885 1278 3036 1328 tunc
3104 1257 3294 1324 habet

615 1361 848 1446 locum,
894 1362 1151 1450 quando
1197 1362 1479 1433 debitum
1526 1382 1624 1435 est
1668 1364 2046 1437 celebratum
2120 1366 2447 1435 Messanae
2502 1384 2564 1435 et
2631 1374 3127 1434 instrumentum
3199 1381 3292 1431 est

498 1491 564 1530 10
615 1468 846 1541 tactum
895 1470 1236 1541 Messanae.
1287 1471 1351 1539 Si
1398 1490 1608 1541 autem
1657 1470 1823 1555 alibi,
1871 1491 2022 1543 tunc
2067 1473 2258 1542 habet
2303 1474 2518 1543 locum
2566 1475 2661 1541 ius
2708 1494 3070 1541 commune.

793 1649 887 1709 56.
930 1650 1004 1706 no
1042 1649 1392 1708 solutionibus
1428 1650 1694 1712 faciendis
1731 1648 1926 1708 curiae
1961 1666 2056 1727 pro
2094 1653 2212 1724 eius
2250 1652 2452 1709 laboro.

354 1798 561 1864 T·A·48
815 1791 884 1861 In
935 1791 1370 1879 personalibus
1417 1793 1774 1863 actionibus
1819 1815 1856 1863 a
1897 1793 2332 1864 condemnato
2381 1816 2497 1881 pro
2543 1794 2679 1880 jure
2736 1793 2944 1861 curiae
3002 1791 3081 1859 de
3151 1791 3290 1879 qui·

620 1896 885 1968 buslibet
928 1917 1184 1969 centum
1233 1899 1461 1967 tarenis
1531 1900 1868 1985 exiguntur
1915 1902 2109 1971 tareni
2171 1898 2411 1970 decem.
2479 1900 2634 1967 Item
2707 1922 2822 1987 pro
2890 1897 3290 1967 absolutione

617 2002 951 2074 solvuntur
990 2005 1200 2075 curiae
1242 2005 1323 2075 de
1366 2004 1651 2092 quolibet
1698 2008 2060 2075 centenario
2107 2008 2304 2075 tareni
2350 2006 2487 2074 duo
2536 2005 2637 2073 vel
2681 2025 2804 2074 tres
2849 2003 2929 2073 ad
2986 2003 3123 2093 plus
3169 2026 3288 2092 pro

499 2132 560 2187 15
618 2110 785 2181 bona
830 2111 1162 2182 sententia.
1210 2111 1288 2179 Et
1336 2111 1461 2179 hoc
1503 2111 1648 2182 licet
1693 2135 1827 2181 non
1876 2115 1958 2183 sit
2002 2136 2251 2200 semper
2295 2130 2709 2195 consuetum,
2772 2132 2986 2180 tamen
3033 2130 3106 2179 ut
3149 2108 3287 2199 plu-

618 2218 850 2289 rimum
896 2219 982 2289 ita
1027 2235 1329 2290 servatur.
1377 2218 1535 2287 Item
1582 2241 1698 2305 pro
1744 2220 2229 2307 interpositione
2281 2219 2513 2287 decreti
2565 2219 2819 2307 quando
2879 2240 3023 2307 pars
3092 2213 3289 2284 eonfi-

618 2344 801 2412 tetur,
845 2325 925 2395 de
966 2325 1251 2413 quolibet
1297 2328 1660 2395 centenario
1704 2326 2042 2397 solvuntur
2095 2327 2298 2394 curiae
2329 2327 2524 2394 tareni
2554 2327 2707 2392 duo.
2738 2325 3023 2407 Quando
3063 2324 3289 2413 petitur

616 2430 865 2512 intrare,
914 2451 1131 2517 capere
1174 2447 1239 2496 et
1284 2429 1596 2514 vendere,
1640 2446 1706 2498 et
1752 2453 1892 2518 pars
1961 2431 2047 2501 rei
2109 2452 2295 2519 negat
2362 2450 2425 2500 et
2476 2432 2875 2499 convincitur
2919 2453 3032 2518 per
3095 2447 3287 2497 testes

618 2555 680 2605 et
724 2535 916 2609 fertur
960 2537 1312 2609 sententia:
1364 2556 1514 2607 tunc
1556 2539 1704 2626 quia
1748 2539 1920 2607 curia
1967 2539 2165 2625 magis
2231 2538 2473 2607 laborat
2499 2593 2515 2621 ,
2574 2537 2763 2606 debet
2829 2537 3282 2626 aliquantulum

495 2667 568 2707 m
618 2643 786 2713 curia
834 2644 1032 2732 magis
1080 2643 1330 2728 habere,
1379 2644 1666 2726 videlicet
1735 2663 1985 2716 tarenos
2056 2645 2219 2713 duos
2288 2663 2352 2711 et
2417 2644 2751 2713 dimidium
2823 2666 2939 2733 pro
3007 2641 3288 2733 quolibet

619 2752 1001 2825 centenario,
1047 2750 1204 2820 Item
1252 2752 1302 2820 si
1350 2771 1566 2839 agatur
1610 2752 2140 2824 reivendicatione
2186 2772 2248 2820 et
2294 2753 2744 2822 condemnatio
2788 2768 3104 2839 sequatur,
3156 2746 3287 2815 sol-

618 2856 784 2926 vitur
830 2858 1035 2928 curiae
1078 2857 1431 2928 secundum
1478 2858 1707 2944 iustam
1756 2859 2235 2928 extimationem
2284 2861 2367 2925 rei
2413 2882 2531 2946 pro
2578 2857 2861 2947 quolibet
2903 2855 3285 2936 centenario,

620 2963 906 3034 videlicet
948 2986 985 3034 a
1030 2985 1204 3052 parte
1251 2966 1502 3036 victrice
1549 2964 1885 3035 solvuntur
1930 2966 2126 3032 tareni
2174 2965 2306 3033 duo
2351 2965 2450 3033 vel
2496 2983 2621 3033 tres
2661 2964 2742 3032 ad
2811 2962 2976 3051 plns.
3046 2962 3111 3028 Si
3181 2959 3286 3028 fiat

619 3068 956 3153 absolutio,
1000 3088 1153 3142 tunc
1198 3092 1340 3157 pars
1385 3092 1544 3159 quae
1590 3068 1935 3140 absolvitur
1976 3070 2165 3140 debet
2211 3070 2456 3140 solvere
2502 3070 2710 3136 curiae
2755 3066 3135 3136 tantundem
3167 3085 3281 3153 pro

497 3202 562 3257 ας
621 3175 790 3248 bona
834 3177 1163 3247 sententia.
1213 3176 1370 3248 Item
1418 3177 1469 3245 si
1518 3177 1846 3262 contingat
1893 3198 2226 3264 processus
2269 3174 2599 3257 annullari,
2646 3192 2797 3244 tunc
2831 3172 2994 3242 nihil
3023 3171 3287 3239 solvitur

621 3300 738 3369 pro
783 3281 918 3366 iure
962 3282 1190 3352 curiae.
1237 3281 1403 3353 Item
1452 3302 1566 3368 pro
1614 3279 1824 3352 tedisii
1871 3283 2319 3369 possessione,
2390 3280 2647 3369 qnando
2708 3280 2775 3347 in
2813 3279 3283 3350 contumaciam

623 3387 811 3474 partis
857 3387 1127 3460 mittitur
1173 3386 1392 3481 aliquis
1439 3388 1504 3451 in
1550 3388 2025 3474 possessionem
2073 3387 2230 3458 nihil
2277 3387 2544 3458 solvitur
2584 3408 2705 3475 pro
2746 3386 2885 3473 iure
2923 3385 3155 3453 curiae.

808 3549 1161 3632 Expliciunt
1207 3549 1712 3615 eonsuetudines
1758 3554 1823 3616 et
1870 3550 2119 3616 Statuta
2168 3550 2387 3614 nobilis
2418 3550 2686 3615 civitatis
2716 3549 3044 3614 Messanae
3074 3509 3302 3628 suique.

626 3658 972 3724 districtus.

501 3813 571 3874 30
765 3797 930 3858 Nella
966 3797 1212 3857 edizione
1250 3797 1304 3856 di
1341 3798 1562 3871 Alfonso
1604 3798 1823 3859 Cariddi
1855 3796 2139 3867 (Palermo
2181 3802 2341 3871 1559)
2387 3755 2497 3856 aila
2549 3798 2806 3874 ristampa
2839 3795 2929 3855 dei
2970 3794 3037 3864 56
3073 3791 3285 3868 capitoli

624 3884 756 3943 dell’
775 3887 1021 3945 edizione
1059 3886 1112 3941 di
1149 3886 1373 3965 Appulo
1410 3888 1604 3962 (1498)
1642 3904 1788 3944 sono
1826 3887 2069 3959 aggiunti
2107 3888 2123 3940 i
2160 3888 2410 3963 seguenti
2448 3886 2685 3960 capitoli.

764 4012 859 4072 57.
897 4008 972 4074 ns
1007 4010 1241 4074 ludaeis.

792 4133 1084 4220 judaeus,
1126 4134 1263 4205 sive
1308 4156 1585 4223 paganus
1632 4155 1768 4205 non
1813 4133 2043 4206 audeat
2109 4154 2477 4223 comparare
2544 4155 2798 4200 servum
2855 4131 3284 4213 christianum,

624 4261 739 4312 nec
787 4239 1111 4329 possidere
1156 4239 1368 4330 aliquo
1415 4240 1600 4314 titulo
1626 4295 1645 4326 ,
1690 4240 1802 4312 sed
1847 4242 1902 4312 si
1948 4242 2476 4331 praesumpserit,
2515 4261 2751 4310 omnes
2788 4258 2888 4307 ren
2931 4237 3071 4326 ‘5'oe
3135 4258 3284 4306 mn·

768 4433 799 4471 2
837 4434 978 4494 quae
1012 4418 1326 4478 nullatenus
1366 4417 1669 4474 Hmrwxo.
1691 4448 1756 4460 —
1779 4419 2102 4476 Ermum-:cit
2139 4420 2443 4478 attribuisce
2480 4418 2534 4474 la
2567 4418 2760 4496 parola
2795 4432 2935 4494 quac
2971 4417 3025 4473 al
3058 4428 3201 4476 testo
3234 4411 3283 4467 di

624 4510 860 4565 Ammo
900 4509 968 4564 da
1002 4508 1079 4563 lui
1114 4525 1230 4563 non
1266 4508 1469 4564 veduto
1488 4526 1503 4576 ;
1545 4520 1755 4564 mentre
1794 4509 2032 4564 Aprum
2078 4526 2108 4563 e
2169 4508 2417 4569 Caurum
2474 4508 2740 4568 offrivano
2794 4507 2848 4566 la
2897 4506 3095 4562 lettera
3128 4520 3166 4582 q
3200 4499 3281 4564 col

625 4614 801 4668 segne
841 4596 895 4650 dt
931 4596 1338 4652 abbreviazione
1376 4595 1466 4650 del
1504 4595 1696 4667 quodi
1726 4610 1789 4650 21
1833 4608 2023 4668 agatur
2055 4597 2126 4653 de
2160 4595 2737 4651 cAnmn1.—A1›1›u20
2764 4611 2794 4649 e
2820 4593 2861 4648 n
2880 4588 3055 4648 Testo
3092 4592 3283 4647 Antico

626 4702 742 4739 nnn
779 4684 969 4744 hanno
1005 4684 1454 4744 dt-Hnmo
1472 4701 1508 4739 e
1533 4686 1718 4757 perdo
1754 4686 2080 4748 Dauum:
2111 4683 2153 4740 t’
2174 4685 2506 4757 oggiunm
2530 4684 2818 4757 seguendo
2837 4681 3099 4742 cmm!
3129 4692 3285 4739 tenu

628 4771 967 4834 dichiararlo.

3193 5253 3503 5437 4ss
