3534 5450
393 835 519 881 ται.
540 836 606 887 14

575 1047 603 1100 5

537 1683 609 1722 10

396 1788 450 1827 T.
464 1788 519 1827 A.
540 1789 599 1830 11

390 2208 599 2262 T.A.42

536 2314 596 2367 15

387 2734 443 2772 T.
458 2735 513 2774 A.
532 2735 594 2773 12

528 2998 600 3038 20

353 3156 592 3211 ··r.A.35

384 3371 507 3411 aas.
522 3369 589 3423 45

525 3598 589 3651 25

380 4004 601 4062 aaa&

524 4216 592 4270 30

1835 389 2155 447 —1‘22-

839 557 921 619 18.
969 555 1062 617 De
1109 555 1299 619 rebus
1343 556 1650 620 minorum
1677 605 1693 632 ‚
1741 561 1808 619 et
1849 559 2152 621 maiomm
2215 558 2564 622 absnfium
2609 559 2748 622 elne
2789 558 3049 624 dvenio
3113 562 3330 624 euriae

659 680 782 729 non
831 662 1190 731 alienandis.

839 815 1214 883 imminente
1258 818 1418 883 iusta
1462 818 1831 884 necessitate
1877 840 1998 905 pro
2039 841 2164 906 qua
2207 842 2305 885 res
2351 821 2671 887 minorum
2727 821 2988 908 obligari
3057 821 3331 890 debeant

659 923 757 987 vel
800 923 1070 1006 alienari,
1101 925 1482 993 necessitatis
1512 946 1698 989 causa
1743 945 1855 1010 per
1899 925 2136 989 curiam
2183 924 2462 991 discussa
2505 944 2571 992 et
2615 929 2888 1012 cognita,
2921 945 3188 1013 possunt
3217 949 3318 993 res

659 1028 978 1093 minorum
1014 1050 1158 1094 cum
1191 1030 1441 1096 decreto
1473 1032 1682 1096 curiae
1711 1028 1970 1116 obligari
2001 1048 2064 1097 et
2092 1030 2362 1114 alienari,
2388 1053 2505 1097 nec
2529 1031 2865 1120 aliquando
2892 1050 3321 1099 retractantur.

658 1133 782 1200 Res
852 1135 1037 1207 etiam
1109 1135 1422 1200 maiorum
1468 1154 1532 1200 et
1575 1133 1929 1200 absentium
1990 1156 2099 1220 per
2143 1137 2379 1200 curiam
2448 1158 2597 1201 cum
2664 1158 2885 1203 causae
2953 1138 3321 1223 cognitione

657 1239 955 1307 alienatae
998 1240 1096 1306 vel
1140 1243 1204 1307 in
1250 1240 1530 1306 solutum
1579 1241 1756 1307 datae
1801 1240 2268 1307 irretractabiles
2317 1259 2706 1329 permanent.

836 1405 917 1467 le.
966 1402 1220 1485 Quando
1267 1405 1468 1467 minor
1510 1406 1726 1469 testari
1773 1405 1991 1485 possit,
2037 1407 2105 1466 et
2147 1404 2395 1486 quando
2440 1407 2635 1468 maior
2679 1405 2989 1468 effioiatul·
3019 1408 3083 1468 et
3115 1422 3325 1469 rerum

656 1524 909 1577 suarum
956 1507 1436 1574 administrator.

835 1663 1049 1729 Minor
1090 1683 1234 1751 post
1280 1682 1581 1751 quornm
1620 1666 1944 1730 decimum-
1985 1687 2228 1729 annum
2273 1664 2664 1751 completum
2706 1666 2915 1731 testari
2971 1682 3210 1752 penest,
3260 1683 3330 1732 et

656 1766 904 1833 decimo
948 1788 1185 1835 octavo
1226 1791 1401 1834 anno
1442 1768 1769 1856 completo
1799 1770 2000 1837 maior
2029 1766 2314 1851 efficitur,
2363 1789 2426 1835 et
2455 1768 2684 1835 deinde
2730 1792 2826 1836 res
2874 1792 3016 1836 suas
3053 1769 3330 1856 legitime

658 1871 1089 1940 administrare
1136 1893 1362 1961 potest.

831 2035 939 2099 20.
986 2036 1080 2098 De
1125 2035 1349 2115 quibus
1393 2035 1570 2099 bonis
1613 2034 2041 2099 filiusfamilias
2085 2037 2304 2099 testari
2349 2037 2569 2116 possit.

830 2190 1301 2274 Fssiusfamilias,
1334 2210 1603 2278 utroque
1649 2209 1905 2278 parente
1936 2192 2207 2273 vivente,
2238 2190 2317 2257 de
2347 2190 2530 2256 bonis
2562 2213 2784 2258 eorum
2819 2209 3061 2283 praeter
3089 2188 3320 2258 volun-

655 2315 847 2364 tatem
894 2316 957 2362 et
1001 2318 1383 2363 consensum
1428 2298 1711 2384 ipsorum
1746 2297 1952 2363 testari
2000 2320 2133 2362 non
2178 2314 2405 2385 potest.
2455 2297 2551 2362 De
2582 2297 2826 2385 peculio
2858 2320 3009 2364 vero
3042 2320 3159 2364 suo
3190 2319 3314 2386 pro

653 2401 814 2467 velle
857 2405 1064 2468 testari
1114 2419 1341 2488 potest.

831 2564 914 2627 2l.
965 2564 1058 2626 De
1103 2563 1325 2643 puellis
1371 2563 1733 2626 minoribus.

828 2717 1037 2787 Puella
1085 2720 1296 2786 minor
1340 2721 1390 2785 si
1439 2720 1720 2810 nupserit
1783 2720 2003 2784 maiori
2029 2773 2050 2808 2
2096 2741 2242 2785 cum
2310 2720 2681 2788 auctoritate
2728 2720 2837 2785 viri
2882 2721 2978 2786 sui
3030 2744 3126 2787 res
3172 2744 3318 2788 suas

650 2846 686 2888 a
733 2841 943 2891 tutore
987 2841 1195 2910 petere
1241 2841 1471 2911 potest.

827 2989 934 3052 22.
983 2989 1078 3052 De
1125 2987 1648 3052 exhaeredatione
1694 2988 2052 3063 liberorum,
2098 2990 2164 3049 et
2207 2987 2455 3067 spuriis.

825 3142 1019 3210 Filius
1083 3142 1182 3208 vel
1251 3141 1376 3210 filia
1422 3164 1457 3207 a
1503 3143 1775 3229 paternis
1837 3141 2021 3210 bonis
2068 3164 2145 3207 ex
2192 3142 2287 3212 his
2349 3142 2549 3212 causis
2597 3165 2630 3210 a
2681 3160 2856 3231 patre
2922 3143 3320 3214 exhaeredari

648 3266 938 3336 possunt,
983 3271 1061 3316 ex
1102 3247 1332 3336 quibus
1380 3270 1487 3333 per
1531 3246 1698 3334 leges
1744 3248 2257 3320 exhaeredantur.
2305 3248 2508 3316 Mater
2551 3271 2703 3315 vero
2749 3271 2864 3319 ees
2905 3249 3320 3322 exhaeredare

647 3376 784 3424 non
828 3356 1074 3423 dicitur.
1141 3354 1347 3441 Spurii
1394 3372 1459 3421 et
1503 3375 1641 3424 non
1683 3354 1966 3439 legitime
2005 3354 2133 3424 nati
2181 3373 2315 3422 non
2362 3353 2873 3427 exhaeredantur.
2941 3356 3040 3427 De
3087 3357 3320 3443 spru-iis

645 3481 801 3528 vero
844 3480 909 3529 et
953 3461 1329 3527 incestuosis
1397 3460 1666 3528 dicimus
1712 3460 1885 3547 quod
1933 3481 2066 3530 non
2115 3477 2386 3547 possunt,
2445 3461 2777 3533 succedere
2821 3463 2888 3532 in
2935 3460 3318 3534 haereditate

646 3584 1001 3655 parentum.

824 3728 930 3793 23.
979 3727 1232 3810 Quando
1277 3729 1398 3793 fllia
1447 3731 1634 3808 nupta
1683 3732 1748 3791 et
1779 3727 1987 3796 dotata
2034 3729 2132 3790 vel
2184 3728 2345 3792 illius
2412 3728 2834 3808 emancipatus
2903 3729 3104 3809 possit
3170 3745 3312 3792 eum

649 3830 947 3898 fratribus
991 3836 1088 3898 vel
1134 3835 1453 3899 sororibus
1501 3833 1576 3902 ad
1627 3837 1946 3914 paternam
1993 3835 2094 3896 vel
2140 3837 2476 3899 maternam
2523 3834 2982 3899 successionem
3030 3834 3266 3900 venire.

820 3989 970 4055 Filia
1018 4007 1213 4077 nupta
1257 4006 1320 4055 et
1364 3986 1577 4055 dotata
1624 4009 1657 4053 a
1705 4005 1879 4075 patre
1925 4004 1987 4053 et
2033 4002 2231 4052 matre
2275 3985 2373 4056 vel
2419 3984 2498 4054 ab
2541 3985 2744 4056 altero
2796 4006 3064 4068 eorum,
3111 4007 3311 4058 rema-

643 4092 935 4162 nentibus
979 4093 1267 4161 tratribus
1314 4112 1376 4161 et
1420 4093 1744 4160 sororibus
1791 4093 1855 4158 in
1902 4091 2149 4174 familia,
2197 4110 2455 4157 mortuo
2503 4111 2673 4178 patre
2720 4089 2819 4157 vel
2867 4108 3065 4157 matre
3105 4091 3184 4157 ab
3214 4091 3311 4158 in·

643 4217 894 4284 testato,
942 4217 1152 4289 potest
1195 4198 1360 4283 filia,
1408 4198 1564 4267 facta
1632 4198 1971 4266 collatione
2023 4197 2190 4264 dotis
2237 4196 2313 4286 (si
2358 4196 2652 4285 voluerit)
2698 4194 2775 4262 ad
2822 4211 3146 4284 paternam
3213 4194 3313 4263 vel

643 4324 993 4374 maternam
1036 4308 1504 4376 successionem
1550 4305 1763 4376 venire
1807 4326 1956 4371 eum
1998 4302 2285 4376 fratribus
2334 4321 2397 4372 et
2439 4300 2790 4386 sororibus,
2815 4301 2928 4390 qui
2971 4301 3040 4372 in
3085 4299 3313 4368 familia

643 4430 1092 4483 remanserunt.
1140 4411 1317 4481 Idem
1361 4429 1571 4501 potest
1615 4411 1777 4479 filius
1824 4410 2274 4497 emancipatus.

790 4586 851 4624 21
897 4572 1134 4628 APPULo
1172 4572 1354 4627 indico
1393 4571 1445 4627 le
1481 4571 1703 4627 riforme
1742 4572 1832 4628 del
1869 4582 2013 4628 testo
2050 4590 2148 4645 per
2184 4582 2379 4645 questo
2435 4569 2674 4642 capitolo
2717 4568 2810 4640 (V.
2865 4585 3028 4642 sopra
3078 4585 3204 4641 pag.
3257 4581 3310 4634 4,

647 4658 745 4712 lin.
783 4660 953 4731 28-37
987 4658 997 4732 Ι
1029 4674 1093 4729 23
1136 4660 1371 4716 Aprum
1410 4659 1559 4733 dopo
1594 4660 1794 4722 dloltur
1827 4672 1993 4716 nota:
2035 4674 2173 4734 quos
2210 4674 2326 4714 non
2362 4658 2526 4713 habet
2562 4657 2617 4711 in
2654 4666 2959 4729 potestate,
2999 4656 3096 4717 sed
3150 4654 3312 4711 tacite

648 4746 949 4819 praeterire.
985 4745 1064 4804 Io.
1101 4764 1187 4817 pe.
1224 4762 1345 4820 spu.
