3534 5450
1450 412 1723 473 ..5-

430 581 515 650 Ιο.
567 581 811 653 Petrus
859 582 1108 668 Apulus
1160 580 1405 651 illustri
1454 598 1538 649 ac
1585 598 1913 665 nonen-oso
1962 581 2029 649 D.
2082 580 2287 649 Petro
2337 576 2644 649 cardona
2699 573 2924 646 comiti

256 683 555 753 Golisani
598 686 906 754 salutem.

436 842 668 926 Habe3‚
739 842 1190 908 iucundissime
1256 842 1494 908 Comes
1561 840 1822 930 (habent
1866 842 2069 907 immo
2118 863 2227 929 per
2271 858 2332 908 te
2378 839 2614 929 cuncti)
2666 839 2929 906 libellum

252 947 625 1013 Statutorum
674 947 1158 1013 Messanensium
1205 944 1365 1010 bene
1412 963 1817 1032 compactum
1866 944 2330 1032 excultumque,
2375 963 2489 1011 tuo
2535 944 2786 1010 nomini
2833 943 2928 1008 di·

247 1069 486 1117 catum.
533 1050 657 1117 Sed
703 1052 944 1117 utinam
990 1051 1313 1117 servitium
1363 1071 1576 1116 meum
1610 1068 1681 1116 ut
1725 1049 2102 1137 reipublicae
2140 1049 2290 1116 utile
2322 1067 2437 1132 est,
2469 1050 2553 1116 ita
2584 1065 2761 1115 tanto
2795 1049 2931 1114 viro

252 1156 519 1241 dignum
569 1156 696 1223 fiat.
744 1156 896 1223 Post
942 1156 1093 1225 haec
1141 1178 1356 1222 versus
1403 1179 1438 1222 a
1483 1177 1587 1222 me
1640 1155 1847 1222 editos
1916 1154 1995 1221 de
2063 1174 2269 1222 morte
2333 1154 2635 1241 Principis
2703 1172 2933 1241 quarto

253 1283 458 1329 nonas
505 1262 871 1331 Decembris
921 1281 1065 1350 post
1113 1262 1203 1331 M.
1252 1281 1399 1329 ante
1445 1262 1521 1328 D.
1573 1263 1681 1328 tris
1727 1284 1973 1328 annos:
2022 1262 2390 1348 positosque
2457 1260 2637 1326 humi
2698 1260 2932 1347 passim

254 1367 356 1434 die
401 1366 606 1437 luctus
653 1368 800 1437 huic
845 1367 1047 1437 foelici
1095 1369 1404 1455 opusculo
1452 1371 1659 1434 visum
1727 1386 1823 1434 est
1875 1368 2222 1455 posteritati
2291 1365 2593 1452 legendos
2661 1368 2931 1433 annecti.

255 1472 530 1539 Proinde
579 1496 710 1539 non
759 1473 1098 1541 admirator
1167 1474 1446 1539 hominis
1515 1471 1792 1558 effigiem
1859 1472 2035 1540 alati:
2106 1474 2502 1560 tenentisque
2559 1471 2696 1538 leva
2741 1494 2932 1539 manu

254 1577 537 1645 tabulam
609 1578 1223 1665 plactomachicam:
1294 1578 1511 1646 dextra
1578 1580 1886 1647 circinum
1956 1596 2274 1663 regentem
2346 1595 2610 1665 utraque
2678 1576 2940 1665 cuspide

256 1708 533 1773 aequum
582 1687 1001 1753 octoviarium
1049 1707 1592 1775 suspensumque:
1651 1685 1839 1773 pedes
1909 1706 2062 1751 vero
2130 1705 2333 1750 serrae
2389 1684 2611 1751 innixi.
2668 1684 2765 1749 De
2809 1685 2936 1751 hoc

255 1790 427 1861 enim
455 1788 629 1857 brevi
660 1788 857 1860 multa
888 1789 1124 1857 videbis
1159 1808 1221 1856 et
1251 1790 1485 1858 audies,
1519 1789 1641 1855 Sed
1673 1790 1926 1857 interim
1959 1789 2110 1876 quid
2141 1812 2211 1855 ea
2247 1787 2582 1876 portendat
2604 1788 2936 1877 explorato

254 1897 363 1983 qui
410 1913 582 1963 extra
629 1893 802 1960 vides
849 1895 1023 1981 quod
1069 1896 1238 1961 intus
1285 1917 1428 1963 ossa
1474 1895 1749 1983 pliniana
1796 1896 2220 1982 constipatum
2275 1913 2388 1962 est.
2458 1895 2728 1963 Ioannes
2790 1895 2937 1961 Phi·

253 1999 589 2089 lippus-de
633 1999 907 2069 Bonfilio
951 2002 1058 2087 qui
1104 1999 1402 2087 superbas
1448 2000 1631 2067 aedes
1677 2000 1755 2067 ad
1802 2001 1961 2067 latus
2012 2000 2138 2066 divi
2191 2000 2410 2068 Iuliani
2479 2002 2781 2069 extruxit:
2845 2002 2940 2067 vir

255 2105 514 2194 quidem
560 2106 767 2191 gravis
813 2124 875 2173 et
921 2105 1076 2171 boni
1122 2105 1353 2175 iudicii.
1399 2105 1689 2172 Thomas
1737 2106 2032 2173 Matheus
2085 2105 2164 2171 de
2232 2104 2430 2172 nobili
2496 2106 2938 2173 Romanorum

259 2211 551 2298 prosapia
596 2211 691 2274 vir
737 2228 903 2279 certe
949 2208 1306 2277 humanus:
1357 2231 1473 2279 nec
1520 2232 1654 2275 non
1701 2211 1921 2278 Petrus
1972 2209 2233 2279 Merulla
2278 2211 2456 2277 cuius
2502 2228 2744 2283 certant
2788 2233 2937 2278 cum

259 2314 595 2385 virtutibus
641 2314 932 2382 divitiae:
1004 2332 1066 2380 et
1134 2313 1232 2379 alii
1303 2333 1426 2385 tres
1496 2332 1702 2402 patres
1771 2316 2110 2403 conscripti
2183 2315 2472 2384 videlicet
2536 2316 2801 2383 Iacobus
2860 2316 2941 2384 de

260 2421 575 2503 Balsamo,
620 2420 888 2489 Ioannes
938 2420 1229 2491 Matheus
1274 2420 1353 2486 de
1399 2421 1623 2505 Paetis,
1670 2440 1734 2488 et
1778 2421 2043 2488 Iacobus
2088 2421 2334 2489 Riccius
2386 2422 2638 2510 (quibus
2697 2424 2936 2511 impos-

253 2527 495 2595 sibilius
541 2543 638 2597 est
682 2547 785 2592 me
830 2524 1142 2595 recordari
1188 2520 1381 2613 quam
1428 2526 1584 2592 mihi
1630 2525 1884 2597 illorum
1931 2526 2240 2617 oblivisci)
2286 2527 2348 2593 hi
2383 2550 2608 2594 omnes
2640 2550 2787 2595 cum
2821 2528 2940 2596 sibi

259 2655 505 2703 novum
553 2654 717 2722 opus
764 2633 1163 2701 nunciassem
1210 2634 1436 2720 gratias
1483 2651 1784 2721 egerunt:
1834 2633 2059 2701 referre
2104 2653 2212 2701 aut
2257 2632 2485 2701 habere
2546 2635 2937 2703 omiserunt:

260 2742 372 2812 sed
418 2741 509 2810 eis
555 2741 661 2810 hic
710 2761 853 2805 mos
901 2740 1227 2827 peculiaris
1273 2757 1406 2808 est:
1457 2740 1615 2806 Mox
1659 2740 1819 2808 datis
1868 2740 2249 2808 membranis
2296 2744 2419 2808 tria
2450 2764 2522 2809 ex
2551 2742 2662 2809 hac
2694 2745 2942 2833 impres-

260 2869 407 2922 ,ξυνα
437 2846 587 2934 fieri
629 2844 895 2934 exempla
933 2858 1048 2934 pro
1093 2847 1336 2912 civitate
1375 2848 1716 2934 petierunt.-
1771 2850 1880 2936 qm·
1936 2848 2033 2913 uti
2095 2847 2432 2935 originalia
2484 2847 2941 2917 custodirentur.

262 2956 340 3023 Et
370 2953 512 3037 illis,
540 2952 999 3022 Iucundissime
1044 2952 1308 3035 Comes»,
1355 2974 1595 3020 nomen
1627 2970 1808 3019 tuum
1840 2955 1904 3020 in
1936 2953 2202 3040 longum
2233 2976 2460 3021 aevum
2492 2973 2942 3043 praeservatur.

260 3060 598 3146 Reliquum
631 3074 727 3126 est
756 3074 827 3126 ut
855 3057 991 3122 eius
1034 3078 1170 3124 non
1217 3056 1598 3126 obliviscaris
1644 3057 1817 3145 quod
1861 3058 1948 3147 (te
1987 3079 2201 3125 coram
2234 3079 2367 3125 non
2399 3077 2600 3126 testor
2627 3060 2941 3127 Batonem

262 3162 594 3234 Basilensis
640 3161 861 3250 terrae)
906 3162 1067 3228 vires
1114 3180 1252 3228 tuas
1297 3177 1361 3228 et
1405 3162 1780 3249 opitulando
1824 3181 1886 3229 et
1937 3164 2214 3231 iuvando
2261 3164 2418 3230 mihi
2478 3165 2785 3253 pollicitus
2831 3188 2937 3232 es:

261 3291 333 3338 ac
381 3288 443 3336 te
487 3270 699 3356 ipsum
746 3286 819 3336 ut,
863 3265 1019 3331 mihi
1064 3288 1316 3332 summe
1359 3266 1618 3349 iavereS,
1667 3289 1813 3338 cum
1861 3267 2205 3335 versiculos
2251 3291 2433 3337 meos
2496 3269 2943 3340 tibifofferrem

263 3391 495 3464 sponte
540 3371 851 3458 obligasti.
899 3371 1076 3453 Quid
1124 3390 1334 3440 autem
1403 3394 1527 3459 ego
1572 3372 1763 3460 culpo
1822 3375 1873 3439 si
1936 3374 2141 3440 maior
2204 3374 2320 3441 fuit
2386 3374 2682 3462 obligatio
2751 3397 2942 3463 quam

265 3479 606 3550 debitum?
651 3477 760 3548 Eia
806 3478 1034 3564 igitur,
1102 3477 1505 3563 magnanime
1551 3478 1784 3561 herOS,
1844 3478 2140 3548 horribile
2187 3479 2733 3569 propugnaculum
2787 3480 2943 3546 mihi

263 3604 425 3657 estc.
472 3584 621 3652 Scio
664 3584 895 3670 quippe
941 3604 1044 3652 me
1079 3595 1326 3673 propter
1370 3583 1553 3651 huius
1598 3588 1794 3673 operis
1841 3582 2157 3653 editionem
2201 3608 2240 3653 a
2290 3585 2499 3653 multis
2543 3599 2609 3651 ut
2660 3585 2943 3652 audacem

263 3695 397 3761 acri
443 3711 649 3758 morsu
692 3687 1108 3779 reprehensum
1153 3691 1277 3757 iri:
1326 3711 1533 3777 neque
1561 3712 1739 3760 secus
1775 3691 2090 3758 honorem
2124 3692 2356 3779 quaeri.
2390 3690 2670 3760 Andreas
2702 3689 2943 3758 Culoca

264 3816 429 3866 unm
474 3816 557 3866 ex,
596 3790 904 3863 iudicibus
952 3809 1013 3862 te
1058 3793 1454 3860 straticotum
1503 3814 1638 3860 esse
1682 3812 1745 3860 et
1792 3815 2117 3862 armorum
2167 3796 2564 3883 capitaneum
2625 3794 2811 3862 huius
2856 3796 2942 3861 ci·

263 3901 469 3972 vitatis
518 3899 738 3985 suique
784 3896 1143 3969 districtus:
1193 3920 1363 3966 nunc
1407 3900 1473 3966 in
1518 3898 2005 3987 lothophagiten
2037 3900 2388 3988 profectum
2435 3918 2505 3966 ut
2546 3917 2751 3968 castro
2795 3899 2946 3968 sub-

260 4007 513 4078 venires
555 4003 772 4077 fideles
818 4025 943 4090 ope
987 4024 1059 4074 ac
1104 4005 1322 4072 animo
1369 4003 1690 4072 firmares:
1739 4027 1962 4076 verum
2011 4004 2158 4076 inde
2204 4005 2328 4074 huc
2379 4026 2654 4074 remeare
2722 4027 2943 4091 quam·

265 4111 541 4198 primum
586 4109 937 4180 decrevisse-
980 4110 1320 4178 nunciavit.
1372 4110 1558 4198 Rogo
1630 4133 1711 4177 ne
1755 4112 2134 4184 sententiam
2201 4128 2429 4180 muteS.
2504 4108 2656 4178 Vale
2724 4109 2818 4176 M.
2861 4107 2944 4176 D.

261 4215 566 4292 Nicolaus
610 4214 691 4282 de
735 4213 1029 4282 Balsamo
1083 4234 1307 4281 noster
1369 4218 1664 4304 antiquus
1732 4215 2195 4284 iureconsultus
2263 4217 2369 4303 qui
2436 4236 2652 4284 rursus
2701 4213 2942 4280 futurus

264 4341 535 4408 magnae
578 4318 808 4394 Curiae
852 4317 1040 4386 iudex
1084 4319 1491 4407 praedicitur:
1538 4341 1655 4387 nec
1703 4341 1838 4386 non
1885 4318 2037 4388 baro
2083 4319 2280 4390 sancti
2328 4318 2527 4405 Basilii
2578 4316 2741 4383 filius
2789 4339 2939 4388 suus

263 4426 367 4498 ine
411 4425 565 4515 (iam
608 4426 761 4514 scis)
798 4441 1091 4493 strenuus
1138 4425 1532 4514 prudensque
1578 4424 1794 4493 miles:
1850 4426 1955 4514 qui
2004 4424 2193 4494 ambo
2242 4442 2450 4492 tecum
2497 4425 2563 4490 in
2622 4422 2721 4494 illa
2790 4445 2941 4490 nau-

272 4530 520 4600 machia
565 4529 775 4600 fuere:
823 4529 1165 4598 adventum
1215 4545 1394 4597 tuum
1442 4551 1693 4600 summe
1735 4528 2106 4597 desiderant.
2154 4526 2326 4596 Idem
2375 4526 2625 4595 illustris
2671 4526 2938 4596 Rossani

272 4637 582 4725 princeps.
616 4635 790 4703 idem
822 4634 1035 4702 cuncti
1066 4634 1230 4704 cives
1264 4656 1537 4722 quorum
1569 4655 1837 4701 numero
1870 4655 1975 4700 me
2004 4653 2258 4721 quoque
2288 4633 2491 4699 inesse
2514 4653 2646 4699 non
2670 4632 2940 4719 ignoras.

272 4740 515 4814 Iterum
556 4737 694 4814 vale
741 4739 869 4806 mei
911 4758 1161 4806 memor
1207 4757 1278 4806 ac
1324 4738 1550 4808 fautor.

413 4858 497 4916 La
532 4856 791 4917 Manna.
2730 4867 2763 4910 a

2993 1594 3060 1632 10

2996 2122 3056 2175 15

2995 2646 3065 2686 20

2993 3174 3059 3230 25

2998 3704 3066 3758 30

2999 4231 3060 4286 35

2996 4751 3068 4805 40
