<?xml version="1.0" encoding="UTF-8"?>
<!DOCTYPE html PUBLIC "-//W3C//DTD XHTML 1.0 Transitional//EN"
    "http://www.w3.org/TR/xhtml1/DTD/xhtml1-transitional.dtd">
<html xmlns="http://www.w3.org/1999/xhtml" xml:lang="en" lang="en">
 <head>
  <title>
</title>
<meta http-equiv="Content-Type" content="text/html;charset=utf-8" />
  <meta name='ocr-system' content='tesseract 3.04.00' />
  <meta name='ocr-capabilities' content='ocr_page ocr_carea ocr_par ocr_line ocrx_word'/>
</head>
<body>
  <div class='ocr_page' id='page_1' title='image "./consuetudinidel00itagoog_0030.png"; bbox 0 0 3534 5450; ppageno 0'>
   <div class='ocr_carea' id='block_1_1' title="bbox 594 363 3256 675">
    <p class='ocr_par' dir='ltr' id='par_1_1' title="bbox 594 363 3256 675">
     <span class='ocr_line' id='line_1_1' title="bbox 1765 363 2089 425; baseline 0 -15"><span class='ocrx_word' id='word_1_1' title='bbox 1765 397 1842 410; x_wconf 88' lang='grc'>....</span> <span class='ocrx_word' id='word_1_2' title='bbox 1882 363 1964 425; x_wconf 78' lang='lat'>24</span> <span class='ocrx_word' id='word_1_3' title='bbox 2006 394 2089 410; x_wconf 83' lang='lat'>.-</span> 
     </span>
     <span class='ocr_line' id='line_1_2' title="bbox 595 472 3256 564; baseline -0.005 -13"><span class='ocrx_word' id='word_1_4' title='bbox 595 482 934 551; x_wconf 89' lang='lat' dir='ltr'>terminum</span> <span class='ocrx_word' id='word_1_5' title='bbox 988 494 1306 549; x_wconf 88' lang='lat' dir='ltr'>constaret</span> <span class='ocrx_word' id='word_1_6' title='bbox 1371 501 1449 546; x_wconf 90' lang='lat' dir='ltr'>ex</span> <span class='ocrx_word' id='word_1_7' title='bbox 1493 477 1686 562; x_wconf 90' lang='lat' dir='ltr'>actis,</span> <span class='ocrx_word' id='word_1_8' title='bbox 1756 493 1821 544; x_wconf 89' lang='lat' dir='ltr'>et</span> <span class='ocrx_word' id='word_1_9' title='bbox 1875 476 1994 545; x_wconf 88' lang='lat' dir='ltr'>illis</span> <span class='ocrx_word' id='word_1_10' title='bbox 2038 475 2185 543; x_wconf 89' lang='lat' dir='ltr'>visis</span> <span class='ocrx_word' id='word_1_11' title='bbox 2231 474 2595 543; x_wconf 87' lang='lat' dir='ltr'>mandatum</span> <span class='ocrx_word' id='word_1_12' title='bbox 2640 475 2858 544; x_wconf 87' lang='lat' dir='ltr'>fuisset</span> <span class='ocrx_word' id='word_1_13' title='bbox 2887 529 2906 559; x_wconf 99' lang='lat'>,</span> <span class='ocrx_word' id='word_1_14' title='bbox 2951 472 3134 564; x_wconf 90' lang='lat' dir='ltr'>quod</span> <span class='ocrx_word' id='word_1_15' title='bbox 3195 472 3256 539; x_wconf 90' lang='lat' dir='ltr'>in</span> 
     </span>
     <span class='ocr_line' id='line_1_3' title="bbox 594 584 1505 675; baseline -0.008 -18"><span class='ocrx_word' id='word_1_16' title='bbox 594 588 966 656; x_wconf 81' lang='lat' dir='ltr'>executione</span> <span class='ocrx_word' id='word_1_17' title='bbox 1011 584 1505 675; x_wconf 88' lang='lat' dir='ltr'>supersedeatur.</span> 
     </span>
    </p>
   </div>
   <div class='ocr_carea' id='block_1_2' title="bbox 738 763 1828 824">
    <p class='ocr_par' dir='ltr' id='par_1_2' title="bbox 738 763 1828 824">
     <span class='ocr_line' id='line_1_4' title="bbox 738 763 1828 824; baseline -0.008 0"><span class='ocrx_word' id='word_1_18' title='bbox 738 766 815 824; x_wconf 76' lang='grc'>81.</span> <span class='ocrx_word' id='word_1_19' title='bbox 857 768 930 824; x_wconf 80' lang='lat' dir='ltr'>no</span> <span class='ocrx_word' id='word_1_20' title='bbox 966 764 1250 822; x_wconf 52' lang='lat' dir='ltr'>&amp;evocatis</span> <span class='ocrx_word' id='word_1_21' title='bbox 1286 769 1342 821; x_wconf 78' lang='lat' dir='ltr'>et</span> <span class='ocrx_word' id='word_1_22' title='bbox 1377 763 1828 822; x_wconf 71' lang='lat' dir='ltr'>Procurator-ibus.</span> 
     </span>
    </p>
   </div>
   <div class='ocr_carea' id='block_1_3' title="bbox 488 899 3268 2063">
    <p class='ocr_par' dir='ltr' id='par_1_3' title="bbox 488 899 3268 2063">
     <span class='ocr_line' id='line_1_5' title="bbox 777 899 3264 995; baseline -0.004 -21"><span class='ocrx_word' id='word_1_23' title='bbox 777 907 975 989; x_wconf 89' lang='lat' dir='ltr'>Quod</span> <span class='ocrx_word' id='word_1_24' title='bbox 1021 925 1456 995; x_wconf 83' lang='lat' dir='ltr'>procuratores</span> <span class='ocrx_word' id='word_1_25' title='bbox 1502 929 1831 973; x_wconf 89' lang='lat' dir='ltr'>causarum</span> <span class='ocrx_word' id='word_1_26' title='bbox 1879 908 1943 972; x_wconf 88' lang='lat' dir='ltr'>in</span> <span class='ocrx_word' id='word_1_27' title='bbox 1992 906 2175 994; x_wconf 89' lang='lat' dir='ltr'>plena</span> <span class='ocrx_word' id='word_1_28' title='bbox 2220 907 2388 972; x_wconf 91' lang='lat' dir='ltr'>curia</span> <span class='ocrx_word' id='word_1_29' title='bbox 2445 928 2577 972; x_wconf 91' lang='lat' dir='ltr'>non</span> <span class='ocrx_word' id='word_1_30' title='bbox 2646 904 2856 973; x_wconf 90' lang='lat' dir='ltr'>dicant</span> <span class='ocrx_word' id='word_1_31' title='bbox 2924 924 3145 970; x_wconf 82' lang='lat' dir='ltr'>causas</span> <span class='ocrx_word' id='word_1_32' title='bbox 3192 899 3264 966; x_wconf 90' lang='lat' dir='ltr'>ab</span> 
     </span>
     <span class='ocr_line' id='line_1_6' title="bbox 518 1008 3268 1102; baseline -0.004 -20"><span class='ocrx_word' id='word_1_33' title='bbox 518 1041 545 1096; x_wconf 87' lang='lat'>5</span> <span class='ocrx_word' id='word_1_34' title='bbox 603 1014 799 1082; x_wconf 87' lang='lat' dir='ltr'>unciis</span> <span class='ocrx_word' id='word_1_35' title='bbox 844 1015 1119 1102; x_wconf 90' lang='lat' dir='ltr'>quinque</span> <span class='ocrx_word' id='word_1_36' title='bbox 1150 1035 1358 1101; x_wconf 90' lang='lat' dir='ltr'>supra,</span> <span class='ocrx_word' id='word_1_37' title='bbox 1391 1015 1509 1080; x_wconf 90' lang='lat' dir='ltr'>nisi</span> <span class='ocrx_word' id='word_1_38' title='bbox 1541 1013 1846 1080; x_wconf 88' lang='lat' dir='ltr'>stantibus</span> <span class='ocrx_word' id='word_1_39' title='bbox 1881 1013 2242 1098; x_wconf 80' lang='lat' dir='ltr'>AdvocatiS,</span> <span class='ocrx_word' id='word_1_40' title='bbox 2276 1034 2392 1078; x_wconf 88' lang='lat' dir='ltr'>nec</span> <span class='ocrx_word' id='word_1_41' title='bbox 2423 1013 2714 1079; x_wconf 86' lang='lat' dir='ltr'>recitetur</span> <span class='ocrx_word' id='word_1_42' title='bbox 2744 1010 2997 1077; x_wconf 88' lang='lat' dir='ltr'>effectus</span> <span class='ocrx_word' id='word_1_43' title='bbox 3030 1008 3268 1095; x_wconf 89' lang='lat' dir='ltr'>absque</span> 
     </span>
     <span class='ocr_line' id='line_1_7' title="bbox 601 1113 3262 1209; baseline -0.003 -22"><span class='ocrx_word' id='word_1_44' title='bbox 601 1118 1074 1192; x_wconf 88' lang='lat' dir='ltr'>Advocatorum</span> <span class='ocrx_word' id='word_1_45' title='bbox 1120 1119 1599 1208; x_wconf 85' lang='lat' dir='ltr'>subscriptione.</span> <span class='ocrx_word' id='word_1_46' title='bbox 1648 1120 1717 1186; x_wconf 92' lang='lat' dir='ltr'>In</span> <span class='ocrx_word' id='word_1_47' title='bbox 1766 1122 1968 1186; x_wconf 88' lang='lat' dir='ltr'>causis</span> <span class='ocrx_word' id='word_1_48' title='bbox 2015 1119 2346 1209; x_wconf 90' lang='lat' dir='ltr'>praedictis</span> <span class='ocrx_word' id='word_1_49' title='bbox 2400 1137 2640 1185; x_wconf 87' lang='lat' dir='ltr'>taxetur</span> <span class='ocrx_word' id='word_1_50' title='bbox 2708 1117 2997 1182; x_wconf 90' lang='lat' dir='ltr'>salarium</span> <span class='ocrx_word' id='word_1_51' title='bbox 3066 1113 3262 1179; x_wconf 89' lang='lat' dir='ltr'>advo-</span> 
     </span>
     <span class='ocr_line' id='line_1_8' title="bbox 603 1219 3266 1315; baseline -0.004 -20"><span class='ocrx_word' id='word_1_52' title='bbox 603 1227 744 1313; x_wconf 91' lang='lat' dir='ltr'>cati,</span> <span class='ocrx_word' id='word_1_53' title='bbox 790 1228 909 1294; x_wconf 87' lang='lat' dir='ltr'>nisi</span> <span class='ocrx_word' id='word_1_54' title='bbox 953 1248 1063 1315; x_wconf 91' lang='lat' dir='ltr'>per</span> <span class='ocrx_word' id='word_1_55' title='bbox 1092 1226 1222 1313; x_wconf 86' lang='lat' dir='ltr'>ejus</span> <span class='ocrx_word' id='word_1_56' title='bbox 1255 1225 1786 1315; x_wconf 85' lang='lat' dir='ltr'>subscriptionem</span> <span class='ocrx_word' id='word_1_57' title='bbox 1821 1227 2116 1314; x_wconf 82' lang='lat' dir='ltr'>praestito</span> <span class='ocrx_word' id='word_1_58' title='bbox 2152 1248 2260 1314; x_wconf 90' lang='lat' dir='ltr'>per</span> <span class='ocrx_word' id='word_1_59' title='bbox 2291 1229 2437 1292; x_wconf 85' lang='lat' dir='ltr'>eum</span> <span class='ocrx_word' id='word_1_60' title='bbox 2472 1224 2819 1312; x_wconf 88' lang='lat' dir='ltr'>patrocinio</span> <span class='ocrx_word' id='word_1_61' title='bbox 2849 1223 2903 1288; x_wconf 88' lang='lat' dir='ltr'>si</span> <span class='ocrx_word' id='word_1_62' title='bbox 2935 1219 3266 1288; x_wconf 86' lang='lat' dir='ltr'>constitui-</span> 
     </span>
     <span class='ocr_line' id='line_1_9' title="bbox 603 1324 3259 1421; baseline -0.005 -18"><span class='ocrx_word' id='word_1_63' title='bbox 603 1353 725 1419; x_wconf 86' lang='lat' dir='ltr'>tur,</span> <span class='ocrx_word' id='word_1_64' title='bbox 756 1333 901 1400; x_wconf 89' lang='lat' dir='ltr'>alias</span> <span class='ocrx_word' id='word_1_65' title='bbox 927 1356 1061 1400; x_wconf 87' lang='lat' dir='ltr'>non</span> <span class='ocrx_word' id='word_1_66' title='bbox 1094 1333 1386 1401; x_wconf 83' lang='lat' dir='ltr'>taxentur</span> <span class='ocrx_word' id='word_1_67' title='bbox 1415 1355 1725 1421; x_wconf 84' lang='lat' dir='ltr'>expensae</span> <span class='ocrx_word' id='word_1_68' title='bbox 1749 1352 1971 1399; x_wconf 89' lang='lat' dir='ltr'>contra</span> <span class='ocrx_word' id='word_1_69' title='bbox 2003 1335 2361 1399; x_wconf 86' lang='lat' dir='ltr'>venientem</span> <span class='ocrx_word' id='word_1_70' title='bbox 2395 1331 2633 1398; x_wconf 72' lang='lat' dir='ltr'>formae</span> <span class='ocrx_word' id='word_1_71' title='bbox 2664 1329 2913 1418; x_wconf 90' lang='lat' dir='ltr'>capituli</span> <span class='ocrx_word' id='word_1_72' title='bbox 2946 1324 3259 1416; x_wconf 85' lang='lat' dir='ltr'>praedicti.</span> 
     </span>
     <span class='ocr_line' id='line_1_10' title="bbox 780 1432 3265 1524; baseline -0.004 -17"><span class='ocrx_word' id='word_1_73' title='bbox 780 1440 1277 1507; x_wconf 80' lang='lat' dir='ltr'>pronunciatum</span> <span class='ocrx_word' id='word_1_74' title='bbox 1322 1442 1386 1506; x_wconf 91' lang='lat' dir='ltr'>in</span> <span class='ocrx_word' id='word_1_75' title='bbox 1432 1439 1647 1507; x_wconf 89' lang='lat' dir='ltr'>Nobili</span> <span class='ocrx_word' id='word_1_76' title='bbox 1692 1440 1963 1508; x_wconf 86' lang='lat' dir='ltr'>Civitate</span> <span class='ocrx_word' id='word_1_77' title='bbox 2013 1439 2359 1524; x_wconf 89' lang='lat' dir='ltr'>Messanae,</span> <span class='ocrx_word' id='word_1_78' title='bbox 2407 1457 2468 1505; x_wconf 91' lang='lat' dir='ltr'>et</span> <span class='ocrx_word' id='word_1_79' title='bbox 2514 1440 2577 1503; x_wconf 91' lang='lat' dir='ltr'>in</span> <span class='ocrx_word' id='word_1_80' title='bbox 2634 1435 2847 1505; x_wconf 88' lang='lat' dir='ltr'>officio</span> <span class='ocrx_word' id='word_1_81' title='bbox 2896 1432 3265 1522; x_wconf 88' lang='lat' dir='ltr'>Magnifico-</span> 
     </span>
     <span class='ocr_line' id='line_1_11' title="bbox 488 1540 3264 1629; baseline -0.004 -14"><span class='ocrx_word' id='word_1_82' title='bbox 488 1574 553 1615; x_wconf 84' lang='lat'>10</span> <span class='ocrx_word' id='word_1_83' title='bbox 605 1569 746 1613; x_wconf 89' lang='lat' dir='ltr'>rum</span> <span class='ocrx_word' id='word_1_84' title='bbox 792 1545 1204 1613; x_wconf 86' lang='lat' dir='ltr'>dominorum</span> <span class='ocrx_word' id='word_1_85' title='bbox 1250 1545 1604 1614; x_wconf 90' lang='lat' dir='ltr'>Iuratorum</span> <span class='ocrx_word' id='word_1_86' title='bbox 1649 1545 1851 1612; x_wconf 89' lang='lat' dir='ltr'>dictae</span> <span class='ocrx_word' id='word_1_87' title='bbox 1894 1546 2139 1614; x_wconf 87' lang='lat' dir='ltr'>Nobilis</span> <span class='ocrx_word' id='word_1_88' title='bbox 2187 1546 2513 1629; x_wconf 76' lang='lat' dir='ltr'>Civitatis,</span> <span class='ocrx_word' id='word_1_89' title='bbox 2561 1544 2665 1611; x_wconf 88' lang='lat' dir='ltr'>ubi</span> <span class='ocrx_word' id='word_1_90' title='bbox 2726 1542 2842 1610; x_wconf 86' lang='lat' dir='ltr'>fuit</span> <span class='ocrx_word' id='word_1_91' title='bbox 2874 1540 3264 1621; x_wconf 90' lang='lat' dir='ltr'>mandatum,</span> 
     </span>
     <span class='ocr_line' id='line_1_12' title="bbox 605 1643 3266 1741; baseline -0.004 -23"><span class='ocrx_word' id='word_1_92' title='bbox 605 1651 777 1741; x_wconf 90' lang='lat' dir='ltr'>quod</span> <span class='ocrx_word' id='word_1_93' title='bbox 822 1650 985 1718; x_wconf 86' lang='lat' dir='ltr'>dicta</span> <span class='ocrx_word' id='word_1_94' title='bbox 1028 1651 1294 1738; x_wconf 90' lang='lat' dir='ltr'>capitula</span> <span class='ocrx_word' id='word_1_95' title='bbox 1369 1668 1737 1736; x_wconf 89' lang='lat' dir='ltr'>serventur,</span> <span class='ocrx_word' id='word_1_96' title='bbox 1786 1670 1848 1719; x_wconf 89' lang='lat' dir='ltr'>et</span> <span class='ocrx_word' id='word_1_97' title='bbox 1895 1652 2322 1738; x_wconf 88' lang='lat' dir='ltr'>registrentur.</span> <span class='ocrx_word' id='word_1_98' title='bbox 2391 1651 2511 1716; x_wconf 92' lang='lat' dir='ltr'>Die</span> <span class='ocrx_word' id='word_1_99' title='bbox 2588 1671 2657 1736; x_wconf 84' lang='lat'>15</span> <span class='ocrx_word' id='word_1_100' title='bbox 2716 1646 2964 1737; x_wconf 85' lang='lat' dir='ltr'>Aprilis,</span> <span class='ocrx_word' id='word_1_101' title='bbox 3011 1669 3046 1733; x_wconf 91' lang='lat'>7</span> <span class='ocrx_word' id='word_1_102' title='bbox 3096 1643 3266 1710; x_wconf 90' lang='lat' dir='ltr'>Indi-</span> 
     </span>
     <span class='ocr_line' id='line_1_13' title="bbox 607 1760 1056 1847; baseline 0 -21"><span class='ocrx_word' id='word_1_103' title='bbox 607 1760 817 1827; x_wconf 88' lang='lat' dir='ltr'>ctione</span> <span class='ocrx_word' id='word_1_104' title='bbox 869 1779 1056 1847; x_wconf 85' lang='lat'>1519.</span> 
     </span>
     <span class='ocr_line' id='line_1_14' title="bbox 784 1858 3265 1954; baseline -0.004 -22"><span class='ocrx_word' id='word_1_105' title='bbox 784 1864 1099 1934; x_wconf 86' lang='lat' dir='ltr'>Publicata</span> <span class='ocrx_word' id='word_1_106' title='bbox 1145 1865 1398 1934; x_wconf 87' lang='lat' dir='ltr'>fuerunt</span> <span class='ocrx_word' id='word_1_107' title='bbox 1441 1867 1508 1933; x_wconf 91' lang='lat' dir='ltr'>in</span> <span class='ocrx_word' id='word_1_108' title='bbox 1569 1866 1749 1954; x_wconf 88' lang='lat' dir='ltr'>plena</span> <span class='ocrx_word' id='word_1_109' title='bbox 1820 1868 1990 1948; x_wconf 86' lang='lat' dir='ltr'>curia</span> <span class='ocrx_word' id='word_1_110' title='bbox 2058 1867 2307 1935; x_wconf 90' lang='lat' dir='ltr'>Nobilis</span> <span class='ocrx_word' id='word_1_111' title='bbox 2377 1864 2660 1932; x_wconf 89' lang='lat' dir='ltr'>Civitatis</span> <span class='ocrx_word' id='word_1_112' title='bbox 2735 1862 3096 1944; x_wconf 89' lang='lat' dir='ltr'>Messanae,</span> <span class='ocrx_word' id='word_1_113' title='bbox 3168 1858 3265 1924; x_wconf 91' lang='lat' dir='ltr'>die</span> 
     </span>
     <span class='ocr_line' id='line_1_15' title="bbox 606 1974 2069 2063; baseline 0.003 -23"><span class='ocrx_word' id='word_1_114' title='bbox 606 1974 829 2063; x_wconf 89' lang='lat' dir='ltr'>quinto</span> <span class='ocrx_word' id='word_1_115' title='bbox 877 1976 1112 2041; x_wconf 87' lang='lat' dir='ltr'>mensis</span> <span class='ocrx_word' id='word_1_116' title='bbox 1161 1974 1334 2058; x_wconf 89' lang='lat' dir='ltr'>Maii,</span> <span class='ocrx_word' id='word_1_117' title='bbox 1382 1997 1417 2061; x_wconf 91' lang='lat'>7</span> <span class='ocrx_word' id='word_1_118' title='bbox 1469 1974 1827 2042; x_wconf 90' lang='lat' dir='ltr'>Indictione</span> <span class='ocrx_word' id='word_1_119' title='bbox 1883 1996 2069 2063; x_wconf 82' lang='lat'>1519.</span> 
     </span>
    </p>
   </div>
   <div class='ocr_carea' id='block_1_4' title="bbox 489 2134 3266 2545">
    <p class='ocr_par' dir='ltr' id='par_1_4' title="bbox 489 2134 3266 2545">
     <span class='ocr_line' id='line_1_16' title="bbox 489 2134 2672 2230; baseline -0 -27"><span class='ocrx_word' id='word_1_120' title='bbox 489 2177 549 2230; x_wconf 84' lang='lat'>15</span> <span class='ocrx_word' id='word_1_121' title='bbox 795 2135 1054 2203; x_wconf 86' lang='lat' dir='ltr'>Carolus</span> <span class='ocrx_word' id='word_1_122' title='bbox 1100 2147 1152 2203; x_wconf 83' lang='lat' dir='ltr'>et</span> <span class='ocrx_word' id='word_1_123' title='bbox 1199 2134 1440 2203; x_wconf 89' lang='lat' dir='ltr'>Ioanna</span> <span class='ocrx_word' id='word_1_124' title='bbox 1484 2148 1674 2203; x_wconf 82' lang='lat' dir='ltr'>mater</span> <span class='ocrx_word' id='word_1_125' title='bbox 1720 2153 1839 2204; x_wconf 93' lang='lat' dir='ltr'>etc.</span> <span class='ocrx_word' id='word_1_126' title='bbox 2663 2199 2672 2202; x_wconf 80' lang='grc'>,</span> 
     </span>
     <span class='ocr_line' id='line_1_17' title="bbox 784 2235 3266 2331; baseline -0.006 -19"><span class='ocrx_word' id='word_1_127' title='bbox 784 2243 983 2325; x_wconf 85' lang='lat' dir='ltr'>Quod</span> <span class='ocrx_word' id='word_1_128' title='bbox 1051 2244 1115 2309; x_wconf 90' lang='lat' dir='ltr'>in</span> <span class='ocrx_word' id='word_1_129' title='bbox 1185 2246 1385 2311; x_wconf 90' lang='lat' dir='ltr'>causis</span> <span class='ocrx_word' id='word_1_130' title='bbox 1455 2244 1810 2310; x_wconf 87' lang='lat' dir='ltr'>summariis</span> <span class='ocrx_word' id='word_1_131' title='bbox 1884 2244 2210 2310; x_wconf 87' lang='lat' dir='ltr'>unciarum</span> <span class='ocrx_word' id='word_1_132' title='bbox 2282 2244 2558 2331; x_wconf 89' lang='lat' dir='ltr'>quinque</span> <span class='ocrx_word' id='word_1_133' title='bbox 2628 2257 2872 2308; x_wconf 88' lang='lat' dir='ltr'>tantum</span> <span class='ocrx_word' id='word_1_134' title='bbox 2943 2235 3266 2326; x_wconf 85' lang='lat' dir='ltr'>appellatio</span> 
     </span>
     <span class='ocr_line' id='line_1_18' title="bbox 606 2346 3264 2438; baseline -0.005 -22"><span class='ocrx_word' id='word_1_135' title='bbox 606 2371 742 2416; x_wconf 87' lang='lat' dir='ltr'>non</span> <span class='ocrx_word' id='word_1_136' title='bbox 786 2349 1125 2438; x_wconf 86' lang='lat' dir='ltr'>suspendat</span> <span class='ocrx_word' id='word_1_137' title='bbox 1169 2351 1679 2438; x_wconf 84' lang='lat' dir='ltr'>exequutionem,</span> <span class='ocrx_word' id='word_1_138' title='bbox 1725 2351 1793 2417; x_wconf 90' lang='lat' dir='ltr'>in</span> <span class='ocrx_word' id='word_1_139' title='bbox 1841 2350 2095 2418; x_wconf 88' lang='lat' dir='ltr'>caeteris</span> <span class='ocrx_word' id='word_1_140' title='bbox 2139 2367 2419 2416; x_wconf 89' lang='lat' dir='ltr'>servetur</span> <span class='ocrx_word' id='word_1_141' title='bbox 2463 2348 2643 2416; x_wconf 85' lang='lat' dir='ltr'>Ritus</span> <span class='ocrx_word' id='word_1_142' title='bbox 2693 2346 2866 2433; x_wconf 89' lang='lat' dir='ltr'>regni</span> <span class='ocrx_word' id='word_1_143' title='bbox 2911 2362 2973 2413; x_wconf 93' lang='lat' dir='ltr'>et</span> <span class='ocrx_word' id='word_1_144' title='bbox 3002 2357 3264 2409; x_wconf 89' lang='lat' dir='ltr'>consue-</span> 
     </span>
     <span class='ocr_line' id='line_1_19' title="bbox 609 2455 1086 2545; baseline 0 -21"><span class='ocrx_word' id='word_1_145' title='bbox 609 2455 767 2524; x_wconf 87' lang='lat' dir='ltr'>tudo</span> <span class='ocrx_word' id='word_1_146' title='bbox 810 2457 1086 2545; x_wconf 89' lang='lat' dir='ltr'>antiqua.</span> 
     </span>
    </p>
   </div>
   <div class='ocr_carea' id='block_1_5' title="bbox 487 2617 3263 2924">
    <p class='ocr_par' dir='ltr' id='par_1_5' title="bbox 487 2617 3263 2924">
     <span class='ocr_line' id='line_1_20' title="bbox 799 2617 1843 2689; baseline 0.004 -4"><span class='ocrx_word' id='word_1_147' title='bbox 799 2617 1057 2685; x_wconf 86' lang='lat' dir='ltr'>Carolus</span> <span class='ocrx_word' id='word_1_148' title='bbox 1100 2630 1152 2686; x_wconf 83' lang='lat' dir='ltr'>et</span> <span class='ocrx_word' id='word_1_149' title='bbox 1200 2618 1440 2686; x_wconf 86' lang='lat' dir='ltr'>Ioanna</span> <span class='ocrx_word' id='word_1_150' title='bbox 1485 2632 1676 2688; x_wconf 83' lang='lat' dir='ltr'>mater</span> <span class='ocrx_word' id='word_1_151' title='bbox 1721 2638 1843 2689; x_wconf 88' lang='lat' dir='ltr'>etc.</span> 
     </span>
     <span class='ocr_line' id='line_1_21' title="bbox 487 2722 3261 2817; baseline -0.003 -26"><span class='ocrx_word' id='word_1_152' title='bbox 487 2765 557 2805; x_wconf 84' lang='lat'>20</span> <span class='ocrx_word' id='word_1_153' title='bbox 787 2724 944 2792; x_wconf 89' lang='lat' dir='ltr'>Item</span> <span class='ocrx_word' id='word_1_154' title='bbox 989 2727 1213 2814; x_wconf 75' lang='lat' dir='ltr'>perche</span> <span class='ocrx_word' id='word_1_155' title='bbox 1261 2749 1368 2815; x_wconf 89' lang='lat' dir='ltr'>per</span> <span class='ocrx_word' id='word_1_156' title='bbox 1414 2728 1454 2794; x_wconf 91' lang='lat' dir='ltr'>li</span> <span class='ocrx_word' id='word_1_157' title='bbox 1501 2727 1773 2817; x_wconf 87' lang='lat' dir='ltr'>calupnii</span> <span class='ocrx_word' id='word_1_158' title='bbox 1822 2728 1883 2796; x_wconf 90' lang='lat' dir='ltr'>di</span> <span class='ocrx_word' id='word_1_159' title='bbox 1929 2728 1968 2794; x_wconf 91' lang='lat' dir='ltr'>li</span> <span class='ocrx_word' id='word_1_160' title='bbox 2016 2728 2284 2815; x_wconf 72' lang='lat' dir='ltr'>litiganti</span> <span class='ocrx_word' id='word_1_161' title='bbox 2326 2729 2367 2794; x_wconf 92' lang='lat' dir='ltr'>li</span> <span class='ocrx_word' id='word_1_162' title='bbox 2413 2728 2583 2795; x_wconf 90' lang='lat' dir='ltr'>causi</span> <span class='ocrx_word' id='word_1_163' title='bbox 2631 2742 2807 2794; x_wconf 88' lang='lat' dir='ltr'>tanto</span> <span class='ocrx_word' id='word_1_164' title='bbox 2853 2722 3017 2791; x_wconf 91' lang='lat' dir='ltr'>civili</span> <span class='ocrx_word' id='word_1_165' title='bbox 3075 2739 3261 2787; x_wconf 90' lang='lat' dir='ltr'>como</span> 
     </span>
     <span class='ocr_line' id='line_1_22' title="bbox 610 2825 3263 2924; baseline -0.002 -28"><span class='ocrx_word' id='word_1_166' title='bbox 610 2827 911 2898; x_wconf 89' lang='lat' dir='ltr'>criminali</span> <span class='ocrx_word' id='word_1_167' title='bbox 956 2832 1008 2897; x_wconf 92' lang='lat' dir='ltr'>si</span> <span class='ocrx_word' id='word_1_168' title='bbox 1055 2830 1394 2901; x_wconf 88' lang='lat' dir='ltr'>diffirixino</span> <span class='ocrx_word' id='word_1_169' title='bbox 1466 2833 1623 2901; x_wconf 91' lang='lat' dir='ltr'>ultra</span> <span class='ocrx_word' id='word_1_170' title='bbox 1690 2834 1754 2901; x_wconf 95' lang='lat' dir='ltr'>lo</span> <span class='ocrx_word' id='word_1_171' title='bbox 1826 2854 2044 2923; x_wconf 88' lang='lat' dir='ltr'>tempo</span> <span class='ocrx_word' id='word_1_172' title='bbox 2093 2858 2126 2901; x_wconf 92' lang='lat' dir='ltr'>a</span> <span class='ocrx_word' id='word_1_173' title='bbox 2171 2835 2212 2901; x_wconf 91' lang='lat' dir='ltr'>li</span> <span class='ocrx_word' id='word_1_174' title='bbox 2260 2833 2425 2924; x_wconf 89' lang='lat' dir='ltr'>quali</span> <span class='ocrx_word' id='word_1_175' title='bbox 2494 2835 2546 2900; x_wconf 93' lang='lat' dir='ltr'>si</span> <span class='ocrx_word' id='word_1_176' title='bbox 2615 2833 2909 2921; x_wconf 83' lang='lat' dir='ltr'>portiano</span> <span class='ocrx_word' id='word_1_177' title='bbox 2979 2825 3263 2917; x_wconf 87' lang='lat' dir='ltr'>expediri,</span> 
     </span>
    </p>
   </div>
   <div class='ocr_carea' id='block_1_6' title="bbox 612 3056 3271 4653">
    <p class='ocr_par' dir='ltr' id='par_1_6' title="bbox 612 3056 3262 3403">
     <span class='ocr_line' id='line_1_23' title="bbox 761 3056 3262 3137; baseline -0.002 -22"><span class='ocrx_word' id='word_1_178' title='bbox 761 3060 825 3116; x_wconf 88' lang='lat'>16</span> <span class='ocrx_word' id='word_1_179' title='bbox 862 3059 923 3114; x_wconf 93' lang='lat' dir='ltr'>L’</span> <span class='ocrx_word' id='word_1_180' title='bbox 951 3061 1196 3116; x_wconf 89' lang='lat' dir='ltr'>edizione</span> <span class='ocrx_word' id='word_1_181' title='bbox 1233 3062 1287 3118; x_wconf 89' lang='lat' dir='ltr'>di</span> <span class='ocrx_word' id='word_1_182' title='bbox 1325 3062 1567 3119; x_wconf 76' lang='lat' dir='ltr'>CARmm</span> <span class='ocrx_word' id='word_1_183' title='bbox 1604 3081 1634 3118; x_wconf 90' lang='lat' dir='ltr'>e</span> <span class='ocrx_word' id='word_1_184' title='bbox 1674 3064 1726 3119; x_wconf 92' lang='lat' dir='ltr'>le</span> <span class='ocrx_word' id='word_1_185' title='bbox 1762 3066 2048 3137; x_wconf 86' lang='lat' dir='ltr'>posteriori</span> <span class='ocrx_word' id='word_1_186' title='bbox 2087 3066 2325 3120; x_wconf 90' lang='lat' dir='ltr'>omisero</span> <span class='ocrx_word' id='word_1_187' title='bbox 2364 3063 2402 3119; x_wconf 95' lang='lat' dir='ltr'>il</span> <span class='ocrx_word' id='word_1_188' title='bbox 2440 3075 2588 3119; x_wconf 91' lang='lat' dir='ltr'>testo</span> <span class='ocrx_word' id='word_1_189' title='bbox 2642 3063 2788 3118; x_wconf 89' lang='lat' dir='ltr'>della</span> <span class='ocrx_word' id='word_1_190' title='bbox 2842 3061 3119 3134; x_wconf 88' lang='lat' dir='ltr'>petizione.</span> <span class='ocrx_word' id='word_1_191' title='bbox 3155 3056 3262 3112; x_wconf 91' lang='lat' dir='ltr'>Noi</span> 
     </span>
     <span class='ocr_line' id='line_1_24' title="bbox 613 3144 3260 3209; baseline -0.003 -2"><span class='ocrx_word' id='word_1_192' title='bbox 613 3169 684 3207; x_wconf 88' lang='lat' dir='ltr'>ne</span> <span class='ocrx_word' id='word_1_193' title='bbox 720 3150 993 3206; x_wconf 89' lang='lat' dir='ltr'>riferiamo</span> <span class='ocrx_word' id='word_1_194' title='bbox 1026 3150 1064 3205; x_wconf 84' lang='lat' dir='ltr'>il</span> <span class='ocrx_word' id='word_1_195' title='bbox 1100 3161 1243 3205; x_wconf 91' lang='lat' dir='ltr'>testo</span> <span class='ocrx_word' id='word_1_196' title='bbox 1283 3151 1372 3206; x_wconf 93' lang='lat' dir='ltr'>col</span> <span class='ocrx_word' id='word_1_197' title='bbox 1409 3153 1596 3208; x_wconf 83' lang='lat' dir='ltr'>Placet.</span> <span class='ocrx_word' id='word_1_198' title='bbox 1635 3152 1695 3206; x_wconf 92' lang='lat' dir='ltr'>L’</span> <span class='ocrx_word' id='word_1_199' title='bbox 1712 3154 1963 3209; x_wconf 88' lang='lat' dir='ltr'>abbiamo</span> <span class='ocrx_word' id='word_1_200' title='bbox 2002 3155 2258 3209; x_wconf 88' lang='lat' dir='ltr'>ritrovato</span> <span class='ocrx_word' id='word_1_201' title='bbox 2296 3154 2441 3208; x_wconf 91' lang='lat' dir='ltr'>nella</span> <span class='ocrx_word' id='word_1_202' title='bbox 2478 3152 2776 3207; x_wconf 89' lang='lat' dir='ltr'>Biblioteca</span> <span class='ocrx_word' id='word_1_203' title='bbox 2811 3148 3187 3205; x_wconf 86' lang='lat' dir='ltr'>Universitaria</span> <span class='ocrx_word' id='word_1_204' title='bbox 3210 3144 3260 3198; x_wconf 91' lang='lat' dir='ltr'>di</span> 
     </span>
     <span class='ocr_line' id='line_1_25' title="bbox 612 3235 3262 3316; baseline -0.003 -20"><span class='ocrx_word' id='word_1_205' title='bbox 612 3241 853 3296; x_wconf 89' lang='lat' dir='ltr'>Messina</span> <span class='ocrx_word' id='word_1_206' title='bbox 889 3241 980 3295; x_wconf 92' lang='lat' dir='ltr'>nel</span> <span class='ocrx_word' id='word_1_207' title='bbox 1015 3241 1238 3296; x_wconf 87' lang='lat' dir='ltr'>volume</span> <span class='ocrx_word' id='word_1_208' title='bbox 1273 3243 1376 3297; x_wconf 85' lang='lat' dir='ltr'>Ms.</span> <span class='ocrx_word' id='word_1_209' title='bbox 1413 3243 1696 3316; x_wconf 81' lang='lat' dir='ltr'>Privilegia</span> <span class='ocrx_word' id='word_1_210' title='bbox 1743 3243 1894 3299; x_wconf 82' lang='lat' dir='ltr'>Urbis</span> <span class='ocrx_word' id='word_1_211' title='bbox 1930 3243 2192 3299; x_wconf 80' lang='lat' dir='ltr'>Messanae</span> <span class='ocrx_word' id='word_1_212' title='bbox 2230 3245 2371 3315; x_wconf 86' lang='lat' dir='ltr'>(pag.</span> <span class='ocrx_word' id='word_1_213' title='bbox 2410 3242 2551 3313; x_wconf 79' lang='lat'>656),</span> <span class='ocrx_word' id='word_1_214' title='bbox 2590 3260 2620 3296; x_wconf 91' lang='lat' dir='ltr'>e</span> <span class='ocrx_word' id='word_1_215' title='bbox 2658 3240 2804 3296; x_wconf 88' lang='lat' dir='ltr'>nella</span> <span class='ocrx_word' id='word_1_216' title='bbox 2839 3240 3131 3294; x_wconf 84' lang='lat' dir='ltr'>Biblioteca</span> <span class='ocrx_word' id='word_1_217' title='bbox 3155 3235 3262 3291; x_wconf 91' lang='lat' dir='ltr'>Co-</span> 
     </span>
     <span class='ocr_line' id='line_1_26' title="bbox 615 3330 2189 3403; baseline 0.001 -18"><span class='ocrx_word' id='word_1_218' title='bbox 615 3330 837 3385; x_wconf 88' lang='lat' dir='ltr'>munale</span> <span class='ocrx_word' id='word_1_219' title='bbox 875 3331 929 3384; x_wconf 91' lang='lat' dir='ltr'>di</span> <span class='ocrx_word' id='word_1_220' title='bbox 964 3330 1215 3384; x_wconf 89' lang='lat' dir='ltr'>Palermo</span> <span class='ocrx_word' id='word_1_221' title='bbox 1253 3330 1346 3385; x_wconf 91' lang='lat' dir='ltr'>nel</span> <span class='ocrx_word' id='word_1_222' title='bbox 1381 3332 1486 3386; x_wconf 93' lang='lat' dir='ltr'>Ms.</span> <span class='ocrx_word' id='word_1_223' title='bbox 1525 3332 1634 3403; x_wconf 87' lang='lat' dir='ltr'>Qq.</span> <span class='ocrx_word' id='word_1_224' title='bbox 1669 3332 1737 3390; x_wconf 92' lang='lat' dir='ltr'>H.</span> <span class='ocrx_word' id='word_1_225' title='bbox 1782 3348 1843 3403; x_wconf 93' lang='lat'>17</span> <span class='ocrx_word' id='word_1_226' title='bbox 1884 3332 2004 3403; x_wconf 89' lang='lat' dir='ltr'>(fol.</span> <span class='ocrx_word' id='word_1_227' title='bbox 2043 3332 2189 3403; x_wconf 89' lang='lat'>614).</span> 
     </span>
    </p>

    <p class='ocr_par' dir='ltr' id='par_1_7' title="bbox 613 3415 3271 4653">
     <span class='ocr_line' id='line_1_27' title="bbox 759 3415 3259 3492; baseline 0 -25"><span class='ocrx_word' id='word_1_228' title='bbox 759 3418 951 3473; x_wconf 80' lang='lat' dir='ltr'>«Item</span> <span class='ocrx_word' id='word_1_229' title='bbox 988 3419 1188 3490; x_wconf 76' lang='lat' dir='ltr'>perche</span> <span class='ocrx_word' id='word_1_230' title='bbox 1224 3438 1319 3491; x_wconf 90' lang='lat' dir='ltr'>per</span> <span class='ocrx_word' id='word_1_231' title='bbox 1356 3419 1635 3475; x_wconf 88' lang='lat' dir='ltr'>l&#39;assenza</span> <span class='ocrx_word' id='word_1_232' title='bbox 1672 3420 1815 3476; x_wconf 88' lang='lat' dir='ltr'>della</span> <span class='ocrx_word' id='word_1_233' title='bbox 1852 3421 2021 3492; x_wconf 85' lang='lat' dir='ltr'>Regia</span> <span class='ocrx_word' id='word_1_234' title='bbox 2060 3421 2208 3475; x_wconf 88' lang='lat' dir='ltr'>Gran</span> <span class='ocrx_word' id='word_1_235' title='bbox 2248 3420 2413 3475; x_wconf 91' lang='lat' dir='ltr'>Corte</span> <span class='ocrx_word' id='word_1_236' title='bbox 2451 3421 2518 3476; x_wconf 92' lang='lat' dir='ltr'>da</span> <span class='ocrx_word' id='word_1_237' title='bbox 2556 3438 2676 3475; x_wconf 86' lang='lat' dir='ltr'>essa</span> <span class='ocrx_word' id='word_1_238' title='bbox 2715 3421 2875 3484; x_wconf 76' lang='lat' dir='ltr'>cirta,</span> <span class='ocrx_word' id='word_1_239' title='bbox 2914 3417 3082 3472; x_wconf 89' lang='lat' dir='ltr'>molte</span> <span class='ocrx_word' id='word_1_240' title='bbox 3116 3415 3259 3469; x_wconf 87' lang='lat' dir='ltr'>volte</span> 
     </span>
     <span class='ocr_line' id='line_1_28' title="bbox 615 3504 3258 3582; baseline -0.002 -20"><span class='ocrx_word' id='word_1_241' title='bbox 615 3507 670 3563; x_wconf 93' lang='lat' dir='ltr'>le</span> <span class='ocrx_word' id='word_1_242' title='bbox 706 3509 842 3580; x_wconf 88' lang='lat' dir='ltr'>parti</span> <span class='ocrx_word' id='word_1_243' title='bbox 877 3508 1109 3580; x_wconf 85' lang='lat' dir='ltr'>litiganti</span> <span class='ocrx_word' id='word_1_244' title='bbox 1144 3510 1356 3563; x_wconf 89' lang='lat' dir='ltr'>innanti</span> <span class='ocrx_word' id='word_1_245' title='bbox 1393 3508 1429 3563; x_wconf 94' lang='lat' dir='ltr'>l’</span> <span class='ocrx_word' id='word_1_246' title='bbox 1451 3509 1669 3564; x_wconf 89' lang='lat' dir='ltr'>officiali</span> <span class='ocrx_word' id='word_1_247' title='bbox 1708 3509 1962 3564; x_wconf 77' lang='lat' dir='ltr'>ordinatii</span> <span class='ocrx_word' id='word_1_248' title='bbox 2000 3509 2146 3565; x_wconf 87' lang='lat' dir='ltr'>della</span> <span class='ocrx_word' id='word_1_249' title='bbox 2172 3508 2303 3565; x_wconf 90' lang='lat' dir='ltr'>ditta</span> <span class='ocrx_word' id='word_1_250' title='bbox 2330 3511 2457 3564; x_wconf 75' lang='lat' dir='ltr'>cirta</span> <span class='ocrx_word' id='word_1_251' title='bbox 2482 3527 2577 3582; x_wconf 91' lang='lat' dir='ltr'>per</span> <span class='ocrx_word' id='word_1_252' title='bbox 2602 3508 2832 3563; x_wconf 87' lang='lat' dir='ltr'>differire</span> <span class='ocrx_word' id='word_1_253' title='bbox 2859 3506 2894 3561; x_wconf 92' lang='lat' dir='ltr'>l’</span> <span class='ocrx_word' id='word_1_254' title='bbox 2916 3504 3258 3577; x_wconf 90' lang='lat' dir='ltr'>esequutione</span> 
     </span>
     <span class='ocr_line' id='line_1_29' title="bbox 618 3593 3260 3672; baseline -0.002 -22"><span class='ocrx_word' id='word_1_255' title='bbox 618 3596 759 3651; x_wconf 89' lang='lat' dir='ltr'>della</span> <span class='ocrx_word' id='word_1_256' title='bbox 796 3596 1039 3669; x_wconf 87' lang='lat' dir='ltr'>giustizia</span> <span class='ocrx_word' id='word_1_257' title='bbox 1076 3614 1106 3652; x_wconf 93' lang='lat' dir='ltr'>e</span> <span class='ocrx_word' id='word_1_258' title='bbox 1145 3597 1475 3653; x_wconf 88' lang='lat' dir='ltr'>calumniare</span> <span class='ocrx_word' id='word_1_259' title='bbox 1512 3598 1563 3653; x_wconf 93' lang='lat' dir='ltr'>le</span> <span class='ocrx_word' id='word_1_260' title='bbox 1600 3602 1752 3671; x_wconf 91' lang='lat' dir='ltr'>parti,</span> <span class='ocrx_word' id='word_1_261' title='bbox 1792 3617 1821 3654; x_wconf 92' lang='lat' dir='ltr'>a</span> <span class='ocrx_word' id='word_1_262' title='bbox 1858 3599 1933 3653; x_wconf 91' lang='lat' dir='ltr'>tal</span> <span class='ocrx_word' id='word_1_263' title='bbox 1972 3600 2073 3653; x_wconf 73' lang='lat' dir='ltr'>che</span> <span class='ocrx_word' id='word_1_264' title='bbox 2110 3617 2206 3672; x_wconf 89' lang='lat' dir='ltr'>per</span> <span class='ocrx_word' id='word_1_265' title='bbox 2239 3599 2481 3654; x_wconf 89' lang='lat' dir='ltr'>remedio</span> <span class='ocrx_word' id='word_1_266' title='bbox 2520 3599 2572 3652; x_wconf 92' lang='lat' dir='ltr'>di</span> <span class='ocrx_word' id='word_1_267' title='bbox 2608 3597 2787 3652; x_wconf 88' lang='lat' dir='ltr'>frivoli</span> <span class='ocrx_word' id='word_1_268' title='bbox 2836 3593 3181 3668; x_wconf 88' lang='lat' dir='ltr'>appellationi</span> <span class='ocrx_word' id='word_1_269' title='bbox 3232 3608 3260 3644; x_wconf 91' lang='lat' dir='ltr'>a</span> 
     </span>
     <span class='ocr_line' id='line_1_30' title="bbox 620 3681 3259 3759; baseline -0.002 -21"><span class='ocrx_word' id='word_1_270' title='bbox 620 3683 860 3756; x_wconf 90' lang='lat' dir='ltr'>quolibet</span> <span class='ocrx_word' id='word_1_271' title='bbox 897 3683 1122 3739; x_wconf 87' lang='lat' dir='ltr'>articulo</span> <span class='ocrx_word' id='word_1_272' title='bbox 1161 3686 1450 3757; x_wconf 90' lang='lat' dir='ltr'>appellano</span> <span class='ocrx_word' id='word_1_273' title='bbox 1489 3698 1543 3740; x_wconf 90' lang='lat' dir='ltr'>et</span> <span class='ocrx_word' id='word_1_274' title='bbox 1581 3688 1832 3741; x_wconf 91' lang='lat' dir='ltr'>ottenino</span> <span class='ocrx_word' id='word_1_275' title='bbox 1869 3686 2058 3742; x_wconf 91' lang='lat' dir='ltr'>lettere</span> <span class='ocrx_word' id='word_1_276' title='bbox 2096 3688 2349 3742; x_wconf 87' lang='lat' dir='ltr'>inibitorii</span> <span class='ocrx_word' id='word_1_277' title='bbox 2389 3687 2517 3743; x_wconf 90' lang='lat' dir='ltr'>dalli</span> <span class='ocrx_word' id='word_1_278' title='bbox 2554 3683 2831 3759; x_wconf 70' lang='lat' dir='ltr'>superiori{</span> <span class='ocrx_word' id='word_1_279' title='bbox 2867 3688 2922 3740; x_wconf 89' lang='lat' dir='ltr'>in</span> <span class='ocrx_word' id='word_1_280' title='bbox 2963 3682 3128 3738; x_wconf 90' lang='lat' dir='ltr'>modo</span> <span class='ocrx_word' id='word_1_281' title='bbox 3165 3681 3259 3735; x_wconf 91' lang='lat' dir='ltr'>che</span> 
     </span>
     <span class='ocr_line' id='line_1_31' title="bbox 613 3769 3260 3849; baseline -0.002 -21"><span class='ocrx_word' id='word_1_282' title='bbox 613 3774 667 3828; x_wconf 91' lang='lat' dir='ltr'>le</span> <span class='ocrx_word' id='word_1_283' title='bbox 708 3790 869 3829; x_wconf 89' lang='lat' dir='ltr'>cause</span> <span class='ocrx_word' id='word_1_284' title='bbox 905 3774 1066 3828; x_wconf 89' lang='lat' dir='ltr'>etiam</span> <span class='ocrx_word' id='word_1_285' title='bbox 1105 3775 1327 3828; x_wconf 89' lang='lat' dir='ltr'>minime</span> <span class='ocrx_word' id='word_1_286' title='bbox 1365 3777 1410 3830; x_wconf 91' lang='lat' dir='ltr'>si</span> <span class='ocrx_word' id='word_1_287' title='bbox 1446 3773 1797 3830; x_wconf 88' lang='lat' dir='ltr'>differiscono</span> <span class='ocrx_word' id='word_1_288' title='bbox 1835 3793 1930 3848; x_wconf 90' lang='lat' dir='ltr'>per</span> <span class='ocrx_word' id='word_1_289' title='bbox 1965 3776 2142 3832; x_wconf 91' lang='lat' dir='ltr'>molto</span> <span class='ocrx_word' id='word_1_290' title='bbox 2179 3792 2368 3849; x_wconf 88' lang='lat' dir='ltr'>tempo</span> <span class='ocrx_word' id='word_1_291' title='bbox 2407 3794 2514 3831; x_wconf 93' lang='lat' dir='ltr'>con</span> <span class='ocrx_word' id='word_1_292' title='bbox 2552 3776 2696 3845; x_wconf 89' lang='lat' dir='ltr'>spesi</span> <span class='ocrx_word' id='word_1_293' title='bbox 2734 3776 2800 3829; x_wconf 91' lang='lat' dir='ltr'>ed</span> <span class='ocrx_word' id='word_1_294' title='bbox 2837 3773 3085 3828; x_wconf 89' lang='lat' dir='ltr'>interessi</span> <span class='ocrx_word' id='word_1_295' title='bbox 3125 3769 3260 3826; x_wconf 89' lang='lat' dir='ltr'>delle</span> 
     </span>
     <span class='ocr_line' id='line_1_32' title="bbox 619 3861 3263 3936; baseline -0.002 -19"><span class='ocrx_word' id='word_1_296' title='bbox 619 3863 756 3935; x_wconf 86' lang='lat' dir='ltr'>parti</span> <span class='ocrx_word' id='word_1_297' title='bbox 790 3861 1037 3933; x_wconf 87' lang='lat' dir='ltr'>litiganti,</span> <span class='ocrx_word' id='word_1_298' title='bbox 1077 3874 1131 3916; x_wconf 92' lang='lat' dir='ltr'>et</span> <span class='ocrx_word' id='word_1_299' title='bbox 1167 3862 1259 3916; x_wconf 91' lang='lat' dir='ltr'>alli</span> <span class='ocrx_word' id='word_1_300' title='bbox 1295 3863 1443 3917; x_wconf 91' lang='lat' dir='ltr'>volte</span> <span class='ocrx_word' id='word_1_301' title='bbox 1481 3864 1764 3918; x_wconf 91' lang='lat' dir='ltr'>eccedono</span> <span class='ocrx_word' id='word_1_302' title='bbox 1805 3865 1856 3918; x_wconf 89' lang='lat' dir='ltr'>la</span> <span class='ocrx_word' id='word_1_303' title='bbox 1894 3881 2110 3918; x_wconf 86' lang='lat' dir='ltr'>somma</span> <span class='ocrx_word' id='word_1_304' title='bbox 2147 3864 2235 3919; x_wconf 93' lang='lat' dir='ltr'>del</span> <span class='ocrx_word' id='word_1_305' title='bbox 2291 3865 2472 3919; x_wconf 88' lang='lat' dir='ltr'>debito</span> <span class='ocrx_word' id='word_1_306' title='bbox 2532 3863 2854 3936; x_wconf 84' lang='lat' dir='ltr'>principale;</span> <span class='ocrx_word' id='word_1_307' title='bbox 2894 3874 3139 3935; x_wconf 88' lang='lat' dir='ltr'>pertanto</span> <span class='ocrx_word' id='word_1_308' title='bbox 3176 3876 3263 3932; x_wconf 91' lang='lat' dir='ltr'>per</span> 
     </span>
     <span class='ocr_line' id='line_1_33' title="bbox 621 3950 3265 4026; baseline -0.001 -21"><span class='ocrx_word' id='word_1_309' title='bbox 621 3950 783 4023; x_wconf 91' lang='lat' dir='ltr'>quisti</span> <span class='ocrx_word' id='word_1_310' title='bbox 818 3962 873 4005; x_wconf 92' lang='lat' dir='ltr'>et</span> <span class='ocrx_word' id='word_1_311' title='bbox 908 3950 1028 4005; x_wconf 89' lang='lat' dir='ltr'>altri</span> <span class='ocrx_word' id='word_1_312' title='bbox 1062 3953 1292 4023; x_wconf 87' lang='lat' dir='ltr'>ragioni,</span> <span class='ocrx_word' id='word_1_313' title='bbox 1332 3953 1384 4006; x_wconf 88' lang='lat' dir='ltr'>la</span> <span class='ocrx_word' id='word_1_314' title='bbox 1421 3954 1567 4008; x_wconf 88' lang='lat' dir='ltr'>detta</span> <span class='ocrx_word' id='word_1_315' title='bbox 1605 3954 1732 4007; x_wconf 75' lang='lat' dir='ltr'>cirta</span> <span class='ocrx_word' id='word_1_316' title='bbox 1771 3954 2014 4026; x_wconf 89' lang='lat' dir='ltr'>supplica</span> <span class='ocrx_word' id='word_1_317' title='bbox 2041 3972 2071 4009; x_wconf 90' lang='lat' dir='ltr'>a</span> <span class='ocrx_word' id='word_1_318' title='bbox 2098 3955 2206 4008; x_wconf 88' lang='lat' dir='ltr'>Sua</span> <span class='ocrx_word' id='word_1_319' title='bbox 2243 3953 2376 4007; x_wconf 89' lang='lat' dir='ltr'>Real</span> <span class='ocrx_word' id='word_1_320' title='bbox 2413 3954 2622 4008; x_wconf 75' lang='lat' dir='ltr'>Maesta</span> <span class='ocrx_word' id='word_1_321' title='bbox 2658 3971 2756 4025; x_wconf 91' lang='lat' dir='ltr'>pro</span> <span class='ocrx_word' id='word_1_322' title='bbox 2784 3953 2929 4007; x_wconf 89' lang='lat' dir='ltr'>cultu</span> <span class='ocrx_word' id='word_1_323' title='bbox 2967 3954 3192 4024; x_wconf 87' lang='lat' dir='ltr'>justitiae</span> <span class='ocrx_word' id='word_1_324' title='bbox 3216 3962 3265 4004; x_wconf 92' lang='lat' dir='ltr'>et</span> 
     </span>
     <span class='ocr_line' id='line_1_34' title="bbox 621 4040 3266 4115; baseline -0 -21"><span class='ocrx_word' id='word_1_325' title='bbox 621 4040 804 4114; x_wconf 90' lang='lat' dir='ltr'>quieto</span> <span class='ocrx_word' id='word_1_326' title='bbox 839 4040 1017 4095; x_wconf 89' lang='lat' dir='ltr'>vivere</span> <span class='ocrx_word' id='word_1_327' title='bbox 1054 4040 1184 4096; x_wconf 92' lang='lat' dir='ltr'>delli</span> <span class='ocrx_word' id='word_1_328' title='bbox 1222 4042 1461 4096; x_wconf 90' lang='lat' dir='ltr'>cittadini</span> <span class='ocrx_word' id='word_1_329' title='bbox 1496 4044 1552 4096; x_wconf 89' lang='lat' dir='ltr'>in</span> <span class='ocrx_word' id='word_1_330' title='bbox 1589 4042 1627 4096; x_wconf 92' lang='lat' dir='ltr'>li</span> <span class='ocrx_word' id='word_1_331' title='bbox 1665 4044 1814 4098; x_wconf 88' lang='lat' dir='ltr'>causi</span> <span class='ocrx_word' id='word_1_332' title='bbox 1849 4044 2127 4098; x_wconf 88' lang='lat' dir='ltr'>summarii</span> <span class='ocrx_word' id='word_1_333' title='bbox 2171 4043 2553 4115; x_wconf 89' lang='lat' dir='ltr'>comprehensi</span> <span class='ocrx_word' id='word_1_334' title='bbox 2604 4041 2697 4097; x_wconf 91' lang='lat' dir='ltr'>nel</span> <span class='ocrx_word' id='word_1_335' title='bbox 2753 4042 2857 4096; x_wconf 90' lang='lat' dir='ltr'>ritu</span> <span class='ocrx_word' id='word_1_336' title='bbox 2913 4042 3056 4096; x_wconf 88' lang='lat' dir='ltr'>della</span> <span class='ocrx_word' id='word_1_337' title='bbox 3108 4041 3266 4111; x_wconf 88' lang='lat' dir='ltr'>Regia</span> 
     </span>
     <span class='ocr_line' id='line_1_35' title="bbox 622 4128 3268 4204; baseline -0.001 -20"><span class='ocrx_word' id='word_1_338' title='bbox 622 4128 772 4185; x_wconf 90' lang='lat' dir='ltr'>Gran</span> <span class='ocrx_word' id='word_1_339' title='bbox 809 4128 974 4184; x_wconf 92' lang='lat' dir='ltr'>Corte</span> <span class='ocrx_word' id='word_1_340' title='bbox 1012 4130 1080 4184; x_wconf 90' lang='lat' dir='ltr'>da</span> <span class='ocrx_word' id='word_1_341' title='bbox 1116 4131 1355 4185; x_wconf 90' lang='lat' dir='ltr'>tentarisi</span> <span class='ocrx_word' id='word_1_342' title='bbox 1392 4131 1447 4185; x_wconf 92' lang='lat' dir='ltr'>in</span> <span class='ocrx_word' id='word_1_343' title='bbox 1487 4133 1662 4203; x_wconf 90' lang='lat' dir='ltr'>primo</span> <span class='ocrx_word' id='word_1_344' title='bbox 1699 4133 1900 4204; x_wconf 77' lang='lat' dir='ltr'>iudicio</span> <span class='ocrx_word' id='word_1_345' title='bbox 1936 4134 2147 4187; x_wconf 90' lang='lat' dir='ltr'>innanti</span> <span class='ocrx_word' id='word_1_346' title='bbox 2184 4133 2219 4187; x_wconf 90' lang='lat' dir='ltr'>l&#39;</span> <span class='ocrx_word' id='word_1_347' title='bbox 2242 4134 2458 4188; x_wconf 88' lang='lat' dir='ltr'>officiali</span> <span class='ocrx_word' id='word_1_348' title='bbox 2495 4133 2745 4203; x_wconf 88' lang='lat' dir='ltr'>ordinarii</span> <span class='ocrx_word' id='word_1_349' title='bbox 2790 4130 2934 4185; x_wconf 88' lang='lat' dir='ltr'>della</span> <span class='ocrx_word' id='word_1_350' title='bbox 2970 4130 3116 4185; x_wconf 87' lang='lat' dir='ltr'>detta</span> <span class='ocrx_word' id='word_1_351' title='bbox 3151 4131 3268 4184; x_wconf 75' lang='lat' dir='ltr'>citra</span> 
     </span>
     <span class='ocr_line' id='line_1_36' title="bbox 619 4218 3270 4293; baseline -0 -21"><span class='ocrx_word' id='word_1_352' title='bbox 619 4234 734 4273; x_wconf 90' lang='lat' dir='ltr'>non</span> <span class='ocrx_word' id='word_1_353' title='bbox 771 4219 816 4273; x_wconf 92' lang='lat' dir='ltr'>si</span> <span class='ocrx_word' id='word_1_354' title='bbox 852 4235 1019 4291; x_wconf 88' lang='lat' dir='ltr'>possa</span> <span class='ocrx_word' id='word_1_355' title='bbox 1055 4219 1327 4290; x_wconf 90' lang='lat' dir='ltr'>appellare</span> <span class='ocrx_word' id='word_1_356' title='bbox 1365 4237 1394 4274; x_wconf 91' lang='lat' dir='ltr'>a</span> <span class='ocrx_word' id='word_1_357' title='bbox 1432 4221 1707 4293; x_wconf 90' lang='lat' dir='ltr'>superiore</span> <span class='ocrx_word' id='word_1_358' title='bbox 1743 4231 1897 4275; x_wconf 91' lang='lat' dir='ltr'>tanto</span> <span class='ocrx_word' id='word_1_359' title='bbox 1937 4221 2077 4276; x_wconf 92' lang='lat' dir='ltr'>delle</span> <span class='ocrx_word' id='word_1_360' title='bbox 2113 4223 2380 4277; x_wconf 91' lang='lat' dir='ltr'>sententie</span> <span class='ocrx_word' id='word_1_361' title='bbox 2417 4221 2696 4276; x_wconf 89' lang='lat' dir='ltr'>diffinitive</span> <span class='ocrx_word' id='word_1_362' title='bbox 2740 4229 2941 4292; x_wconf 92' lang='lat' dir='ltr'>quanto</span> <span class='ocrx_word' id='word_1_363' title='bbox 2982 4219 3049 4274; x_wconf 90' lang='lat' dir='ltr'>da</span> <span class='ocrx_word' id='word_1_364' title='bbox 3086 4218 3270 4290; x_wconf 86' lang='lat' dir='ltr'>qualsi-</span> 
     </span>
     <span class='ocr_line' id='line_1_37' title="bbox 619 4306 3270 4382; baseline -0 -20"><span class='ocrx_word' id='word_1_365' title='bbox 619 4306 802 4380; x_wconf 89' lang='lat' dir='ltr'>voglia</span> <span class='ocrx_word' id='word_1_366' title='bbox 838 4307 1246 4362; x_wconf 89' lang='lat' dir='ltr'>interlocutoria</span> <span class='ocrx_word' id='word_1_367' title='bbox 1284 4307 1596 4381; x_wconf 87' lang='lat' dir='ltr'>dipendenti</span> <span class='ocrx_word' id='word_1_368' title='bbox 1634 4322 1687 4364; x_wconf 91' lang='lat' dir='ltr'>et</span> <span class='ocrx_word' id='word_1_369' title='bbox 1727 4313 2028 4382; x_wconf 89' lang='lat' dir='ltr'>emergenti</span> <span class='ocrx_word' id='word_1_370' title='bbox 2067 4328 2101 4365; x_wconf 97' lang='lat' dir='ltr'>o</span> <span class='ocrx_word' id='word_1_371' title='bbox 2141 4328 2412 4366; x_wconf 89' lang='lat' dir='ltr'>connessa</span> <span class='ocrx_word' id='word_1_372' title='bbox 2467 4310 2534 4365; x_wconf 85' lang='lat' dir='ltr'>da</span> <span class='ocrx_word' id='word_1_373' title='bbox 2572 4312 2719 4365; x_wconf 90' lang='lat' dir='ltr'>detta</span> <span class='ocrx_word' id='word_1_374' title='bbox 2775 4326 2936 4363; x_wconf 88' lang='lat' dir='ltr'>causa</span> <span class='ocrx_word' id='word_1_375' title='bbox 2993 4307 3270 4363; x_wconf 86' lang='lat' dir='ltr'>summaria</span> 
     </span>
     <span class='ocr_line' id='line_1_38' title="bbox 620 4397 3271 4469; baseline 0 -19"><span class='ocrx_word' id='word_1_376' title='bbox 620 4397 929 4469; x_wconf 87' lang='lat' dir='ltr'>principale,</span> <span class='ocrx_word' id='word_1_377' title='bbox 968 4401 1085 4452; x_wconf 84' lang='lat' dir='ltr'>cosi</span> <span class='ocrx_word' id='word_1_378' title='bbox 1121 4415 1281 4453; x_wconf 90' lang='lat' dir='ltr'>come</span> <span class='ocrx_word' id='word_1_379' title='bbox 1318 4399 1564 4453; x_wconf 90' lang='lat' dir='ltr'>secondo</span> <span class='ocrx_word' id='word_1_380' title='bbox 1603 4399 1656 4454; x_wconf 91' lang='lat' dir='ltr'>la</span> <span class='ocrx_word' id='word_1_381' title='bbox 1690 4398 1866 4453; x_wconf 91' lang='lat' dir='ltr'>forma</span> <span class='ocrx_word' id='word_1_382' title='bbox 1905 4400 1994 4455; x_wconf 91' lang='lat' dir='ltr'>del</span> <span class='ocrx_word' id='word_1_383' title='bbox 2033 4401 2183 4455; x_wconf 92' lang='lat' dir='ltr'>detto</span> <span class='ocrx_word' id='word_1_384' title='bbox 2221 4402 2323 4456; x_wconf 93' lang='lat' dir='ltr'>rito</span> <span class='ocrx_word' id='word_1_385' title='bbox 2361 4402 2417 4454; x_wconf 93' lang='lat' dir='ltr'>in</span> <span class='ocrx_word' id='word_1_386' title='bbox 2454 4400 2570 4454; x_wconf 89' lang='lat' dir='ltr'>ditti</span> <span class='ocrx_word' id='word_1_387' title='bbox 2607 4401 2753 4454; x_wconf 91' lang='lat' dir='ltr'>causi</span> <span class='ocrx_word' id='word_1_388' title='bbox 2790 4400 3068 4454; x_wconf 87' lang='lat' dir='ltr'>summarii</span> <span class='ocrx_word' id='word_1_389' title='bbox 3105 4400 3150 4453; x_wconf 91' lang='lat' dir='ltr'>si</span> <span class='ocrx_word' id='word_1_390' title='bbox 3185 4415 3271 4452; x_wconf 91' lang='lat' dir='ltr'>os-</span> 
     </span>
     <span class='ocr_line' id='line_1_39' title="bbox 621 4487 3270 4562; baseline 0 -23"><span class='ocrx_word' id='word_1_391' title='bbox 621 4502 775 4540; x_wconf 89' lang='lat' dir='ltr'>serva</span> <span class='ocrx_word' id='word_1_392' title='bbox 812 4498 866 4540; x_wconf 91' lang='lat' dir='ltr'>et</span> <span class='ocrx_word' id='word_1_393' title='bbox 902 4488 1167 4541; x_wconf 88' lang='lat' dir='ltr'>osservari</span> <span class='ocrx_word' id='word_1_394' title='bbox 1203 4487 1348 4542; x_wconf 91' lang='lat' dir='ltr'>nella</span> <span class='ocrx_word' id='word_1_395' title='bbox 1386 4489 1531 4543; x_wconf 85' lang='lat' dir='ltr'>detta</span> <span class='ocrx_word' id='word_1_396' title='bbox 1565 4489 1734 4560; x_wconf 89' lang='lat' dir='ltr'>Regia</span> <span class='ocrx_word' id='word_1_397' title='bbox 1774 4488 1922 4544; x_wconf 90' lang='lat' dir='ltr'>Gran</span> <span class='ocrx_word' id='word_1_398' title='bbox 1978 4489 2143 4544; x_wconf 91' lang='lat' dir='ltr'>Corte</span> <span class='ocrx_word' id='word_1_399' title='bbox 2200 4491 2287 4545; x_wconf 92' lang='lat' dir='ltr'>del</span> <span class='ocrx_word' id='word_1_400' title='bbox 2338 4491 2489 4545; x_wconf 88' lang='lat' dir='ltr'>detto</span> <span class='ocrx_word' id='word_1_401' title='bbox 2542 4491 2754 4562; x_wconf 90' lang='lat' dir='ltr'>Regno.</span> <span class='ocrx_word' id='word_1_402' title='bbox 2778 4489 3048 4545; x_wconf 84' lang='lat' dir='ltr'>—Placet</span> <span class='ocrx_word' id='word_1_403' title='bbox 3081 4488 3270 4560; x_wconf 89' lang='lat' dir='ltr'>Regiae</span> 
     </span>
     <span class='ocr_line' id='line_1_40' title="bbox 618 4574 3269 4653; baseline 0 -24"><span class='ocrx_word' id='word_1_404' title='bbox 618 4574 888 4647; x_wconf 88' lang='lat' dir='ltr'>Majestati</span> <span class='ocrx_word' id='word_1_405' title='bbox 914 4575 1058 4648; x_wconf 91' lang='lat' dir='ltr'>quod</span> <span class='ocrx_word' id='word_1_406' title='bbox 1099 4595 1130 4632; x_wconf 89' lang='lat' dir='ltr'>a</span> <span class='ocrx_word' id='word_1_407' title='bbox 1167 4578 1343 4633; x_wconf 89' lang='lat' dir='ltr'>causis</span> <span class='ocrx_word' id='word_1_408' title='bbox 1370 4579 1674 4633; x_wconf 81' lang='lat' dir='ltr'>summariis</span> <span class='ocrx_word' id='word_1_409' title='bbox 1701 4580 1983 4633; x_wconf 89' lang='lat' dir='ltr'>unciarum</span> <span class='ocrx_word' id='word_1_410' title='bbox 2009 4580 2244 4652; x_wconf 82' lang='lat' dir='ltr'>quinque</span> <span class='ocrx_word' id='word_1_411' title='bbox 2269 4591 2481 4635; x_wconf 90' lang='lat' dir='ltr'>tantum</span> <span class='ocrx_word' id='word_1_412' title='bbox 2511 4579 2801 4653; x_wconf 88' lang='lat' dir='ltr'>appellatio</span> <span class='ocrx_word' id='word_1_413' title='bbox 2829 4595 2946 4633; x_wconf 88' lang='lat' dir='ltr'>non</span> <span class='ocrx_word' id='word_1_414' title='bbox 2985 4579 3269 4650; x_wconf 86' lang='lat' dir='ltr'>suspendat</span> 
     </span>
    </p>
   </div>
   <div class='ocr_carea' id='block_1_7' title="bbox 621 4666 3265 4812">
    <p class='ocr_par' dir='ltr' id='par_1_8' title="bbox 621 4666 3265 4812">
     <span class='ocr_line' id='line_1_41' title="bbox 621 4666 3265 4743; baseline 0.001 -22"><span class='ocrx_word' id='word_1_415' title='bbox 621 4666 1040 4738; x_wconf 82' lang='lat' dir='ltr'>exequutionem</span> <span class='ocrx_word' id='word_1_416' title='bbox 1060 4709 1079 4735; x_wconf 88' lang='lat'>,</span> <span class='ocrx_word' id='word_1_417' title='bbox 1134 4668 1191 4722; x_wconf 92' lang='lat' dir='ltr'>in</span> <span class='ocrx_word' id='word_1_418' title='bbox 1247 4670 1468 4724; x_wconf 90' lang='lat' dir='ltr'>caeteris</span> <span class='ocrx_word' id='word_1_419' title='bbox 1521 4681 1763 4725; x_wconf 90' lang='lat' dir='ltr'>servetur</span> <span class='ocrx_word' id='word_1_420' title='bbox 1821 4668 1998 4726; x_wconf 90' lang='lat' dir='ltr'>forma</span> <span class='ocrx_word' id='word_1_421' title='bbox 2052 4670 2182 4726; x_wconf 91' lang='lat' dir='ltr'>ritus</span> <span class='ocrx_word' id='word_1_422' title='bbox 2238 4670 2391 4743; x_wconf 90' lang='lat' dir='ltr'>regni</span> <span class='ocrx_word' id='word_1_423' title='bbox 2452 4682 2507 4727; x_wconf 91' lang='lat' dir='ltr'>et</span> <span class='ocrx_word' id='word_1_424' title='bbox 2562 4668 2955 4726; x_wconf 89' lang='lat' dir='ltr'>consuetudine</span> <span class='ocrx_word' id='word_1_425' title='bbox 3012 4668 3265 4724; x_wconf 85' lang='lat' dir='ltr'>hactenus</span> 
     </span>
     <span class='ocr_line' id='line_1_42' title="bbox 623 4754 979 4812; baseline -0.003 -3"><span class='ocrx_word' id='word_1_426' title='bbox 623 4754 908 4812; x_wconf 85' lang='lat' dir='ltr'>observata</span> <span class='ocrx_word' id='word_1_427' title='bbox 929 4774 979 4809; x_wconf 72' lang='grc' dir='ltr'>ιο.</span> 
     </span>
    </p>
   </div>
  </div>
 </body>
</html>
