3534 5450
1435 452 1512 469 ...
1551 420 1633 483 25
1672 453 1751 467 .-

270 528 630 618 expettando
675 529 953 598 anchora
1000 530 1063 599 di
1109 530 1361 600 differiri
1406 531 1465 600 13
1508 532 1744 619 justitia
1791 555 1900 623 pet
1951 531 2076 600 fina
2121 554 2156 599 a
2200 530 2266 599 lo
2333 530 2591 598 biennio
2646 531 2711 597 in
2757 530 2925 598 causi

272 635 575 721 criminali,
619 659 655 703 e
699 636 764 704 lu
812 637 1083 706 triennio
1129 639 1193 705 in
1240 640 1408 706 causi
1456 639 1643 725 civili,
1688 639 1971 729 supplica
2015 640 2072 706 la
2120 637 2285 706 dicta
2329 637 2495 706 Citta
2544 634 2659 704 alla
2692 638 2923 726 prefata

268 741 577 810 Catholica
624 742 879 829 Maiesta
925 744 979 810 si
1023 743 1196 831 digni
1243 745 1576 830 ristringiri
1622 745 1679 812 13
1727 746 2021 814 instantia
2066 746 2132 812 in
2179 744 2219 811 li
2266 743 2437 811 causi
2484 761 2664 812 tanto
2710 742 2925 825 civili,

267 865 489 936 quanto
534 848 859 933 criminali,
905 848 968 916 di
1013 850 1423 938 qualsivoglia
1469 870 1712 935 natura,
1759 869 1823 919 et
1868 851 2145 940 qualitati
2182 851 2423 918 fussero
2470 848 2602 916 alo
2650 850 2925 917 termino

269 952 325 1019 di
368 975 494 1021 uno
541 976 712 1022 anno
759 973 1027 1038 tanturn,
1074 973 1136 1023 et
1183 979 1314 1022 non
1364 957 1540 1041 ultra,
1592 979 1700 1047 per
1732 959 1841 1046 pin
1872 956 2031 1024 facili
2064 956 2445 1046 expeditioni
2479 954 2606 1021 dilli
2639 953 2925 1043 litiganti,
2987 983 3011 1037 5

269 1080 402 1126 cum
450 1082 677 1127 manco
723 1060 936 1128 danno
984 1062 1147 1146 lom,
1193 1063 1340 1152 spisi
1389 1079 1451 1129 et
1496 1064 1820 1132 interesse.
1868 1063 2073 1130 Etiam
2121 1062 2402 1152 supplica
2450 1061 2507 1127 13
2553 1060 2718 1127 dicta
2759 1061 2927 1136 cina,

268 1166 376 1230 che
418 1166 456 1232 li
502 1166 740 1235 Iudichi
786 1169 845 1234 di
895 1167 951 1234 13
996 1168 1176 1237 Curti
1223 1169 1652 1257 Stratigotiali‚
1698 1189 1759 1236 et
1806 1169 1867 1236 di
1917 1170 1972 1235 13
2020 1168 2421 1258 appellationi
2458 1166 2535 1233 de
2567 1167 2731 1234 dicta
2760 1167 2906 1233 citta

269 1293 499 1356 pozano
546 1272 761 1359 exigiri
805 1271 863 1338 la
913 1273 1131 1340 raxuni
1177 1273 1239 1340 di
1287 1274 1581 1342 sententii
1625 1272 1962 1358 diffinitivi,
2006 1292 2071 1342 et
2115 1274 2578 1362 interloqutorii
2646 1272 2924 1341 secundo

269 1375 324 1442 la
361 1377 578 1463 forma,
623 1379 831 1446 ordini
877 1399 938 1448 et
985 1380 1185 1448 modo
1230 1383 1281 1447 si
1328 1381 1581 1468 exigino
1628 1402 1737 1469 per
1784 1380 1840 1447 la
1886 1381 2080 1468 Regia
2124 1379 2298 1447 Gran
2345 1380 2524 1448 Curti
2565 1379 2627 1446 di
2659 1379 2724 1448 lo
2755 1379 2924 1447 dicto

271 1483 503 1571 Regno,
531 1523 613 1537 —
643 1486 846 1553 Placet
900 1485 1123 1574 Regiae
1173 1486 1524 1572 Mtjestati.
1551 1525 1636 1538 —
1663 1487 1805 1554 Dati
1839 1487 1901 1552 in
1957 1486 2122 1553 Villa
2154 1484 2410 1554 Bruselli
2442 1486 2543 1554 die
2583 1506 2649 1574 15
2691 1485 2925 1553 mensis
2986 1514 3053 1553 10

272 1588 592 1676 Februarii,
638 1592 857 1681 quinta
903 1592 1280 1678 Indictione‚
1329 1598 1521 1660 Anno
1569 1616 1603 1660 a
1651 1593 1992 1661 Nativitate
2038 1593 2298 1661 Domini
2356 1614 2538 1682 1517.
