3534 5450
527 1049 1675 1143 CONSUETUDINI
1752 1051 1889 1140 DI
1965 1048 2656 1142 MESSINA

366 1226 1048 1350 RIFORMATE
1121 1284 1278 1348 DA
1352 1284 1798 1351 GtovAN
1870 1284 2297 1349 PIETRO
2369 1284 2846 1350 APPULO

855 1511 894 1562 e
950 1490 1367 1578 pubblicate
1420 1490 1499 1558 in
1561 1487 1877 1560 Messina
1940 1491 2058 1560 nel
2123 1486 2350 1562 1498.

1083 1830 1594 1905 PREFAZIONE
1644 1829 1727 1903 DI
1774 1829 2103 1904 APPULO

281 2139 365 2202 Ιο.
400 2138 626 2200 Petrus
657 2137 893 2218 Apulus
926 2136 1348 2200 messanensis
1381 2135 1599 2198 illustri
1633 2153 1707 2197 ao
1738 2151 2047 2214 genet-oso
2080 2133 2307 2197 comiti
2340 2133 2610 2197 Golisani
2641 2134 2928 2196 salutem.

441 2331 682 2399 Statuta
715 2350 777 2398 et
809 2329 1314 2397 Consuetudines
1359 2327 1605 2395 Nobilis
1638 2329 1924 2395 Civitatis
1959 2328 2325 2395 Messanae:
2360 2327 2630 2395 Nostrae
2659 2328 2929 2395 invictae

262 2438 527 2525 patriae:
575 2453 719 2524 post
749 2457 951 2503 sacras
984 2436 1156 2522 regni
1189 2435 1671 2502 constitutiones
1704 2432 2040 2518 absolutaS,
2072 2434 2454 2518 advertendi,
2489 2433 2928 2501 conscribendi

258 2541 750 2628 divulgandique
796 2542 1077 2607 animum
1129 2539 1432 2608 fidelitatis
1479 2540 1663 2607 ardor
1709 2541 1980 2606 accensit
2026 2558 2100 2606 et·
2134 2563 2393 2627 segnem
2463 2540 2668 2606 adhuc
2735 2540 2925 2606 fuisse

261 2650 602 2737 redarguit.
630 2650 867 2715 Verum
900 2671 1018 2737 ego
1045 2649 1232 2714 simul
1263 2671 1332 2716 ac
1363 2648 1515 2714 liber
1539 2630 1733 2713 sactus
1759 2670 1903 2712 sum
1929 2664 2231 2736 tantoque
2255 2647 2329 2714 ab
2355 2669 2545 2735 opere
2572 2666 2923 2737 exemptus:

262 2758 446 2845 coepi
495 2756 801 2822 contiuuo
845 2754 946 2821 illa
992 2756 1281 2822 sciscitari
1332 2778 1399 2822 ac
1447 2754 1774 2842 diligenter
1822 2756 2186 2842 perscrutari
2234 2756 2284 2819 si
2334 2755 2490 2821 bene
2540 2774 2922 2823 constarent.

264 2861 388 2927 Sed
433 2860 660 2950 (pudet
706 2860 942 2949 dicere)
987 2862 1199 2926 omnia
1235 2860 1514 2949 exempla
1546 2879 1863 2948 quotquot
1893 2861 2194 2948 conspexi
2225 2880 2287 2928 et
2317 2883 2476 2948 quae
2507 2861 2713 2950 (quod
2746 2867 2922 2949 peius

264 2969 390 3057 est)
437 2990 545 3055 per
590 2986 869 3035 coeteras
913 2968 1271 3035 Trinacriae
1330 2971 1616 3056 regiones
1687 2968 2052 3055 transcripta
2120 2968 2385 3055 reperire
2433 2968 2656 3054 potui:
2706 2968 2923 3035 omnia

266 3092 443 3141 erant
487 3074 646 3141 adeo
694 3075 1131 3142 transformata
1173 3074 1346 3162 quod
1394 3075 1546 3140 mihi
1617 3096 1750 3140 non
1818 3095 2036 3161 parum
2106 3071 2482 3140 difficultatis
2548 3095 2618 3139 ac
2690 3072 2921 3140 laboris

266 3181 604 3267 corrigenti
651 3179 1008 3247 adhibuere.
1054 3179 1244 3245 Erant
1288 3180 1455 3244 enim
1525 3180 1591 3245 in
1661 3180 1757 3245 his
1829 3178 2060 3245 multae
2130 3178 2444 3245 clausulae
2510 3178 2755 3245 additae
2816 3202 2924 3267 per

268 3286 602 3373 scriptores
649 3284 1014 3373 superfluae.
1062 3284 1251 3351 Erant
1299 3284 1492 3351 multa
1539 3284 1725 3350 verba
1776 3302 2121 3373 permutata
2169 3306 2238 3350 ac
2284 3284 2452 3353 falsa.
2506 3284 2700 3350 Erant
2744 3282 2923 3351 multi

263 3390 423 3459 tituli
470 3391 726 3478 dispersi
776 3409 838 3458 et
882 3409 1092 3458 tamen
1141 3390 1423 3456 eiusdem
1467 3393 1578 3459 rei.
1627 3390 1803 3471 Quid
1850 3391 2106 3459 dicam?
2173 3409 2270 3459 tot
2339 3391 2537 3478 reperi
2616 3389 2925 3476 exempla,

261 3515 420 3585 quot
464 3496 635 3562 fuere
686 3500 1043 3585 scriptores,
1110 3497 1377 3585 Nequivi
1447 3520 1577 3563 non
1652 3499 1860 3562 mirari
1930 3497 2480 3585 praedecessorum
2552 3515 2921 3563 nostrorum

268 3604 597 3671 incuriam.
648 3606 731 3669 At
774 3605 916 3691 quia
965 3626 1156 3669 nemo
1205 3603 1368 3670 valet
1412 3602 1660 3668 divinae
1727 3605 2062 3670 maiestatis
2130 3604 2379 3670 decreta
2441 3624 2920 3690 praerumpere:

236 3709 643 3797 'parcendum
691 3709 808 3775 illis
855 3709 987 3776 fore
1035 3711 1230 3797 magis
1278 3711 1487 3776 censui
1537 3733 1726 3798 quam
1773 3713 1861 3776 uti
1908 3712 2117 3777 lentos
2164 3713 2321 3778 circa
2393 3733 2525 3776 rem
2605 3708 2922 3797 publicam

264 3834 663 3903 pernotatum
711 3816 781 3881 iri
852 3839 922 3882 ac
993 3840 1128 3882 mea
1174 3816 1500 3884 dumtaxat
1565 3818 2132 3903 congratulandum
2203 3836 2394 3884 sorte.
2466 3817 2674 3883 Video
2747 3816 2919 3881 enim

263 3923 584 3988 somnium
619 3944 832 3988 meum
868 3946 996 3989 non
1034 3923 1335 4010 regalium
1370 3943 1614 3990 tantum
1648 3925 2188 3992 constitutionum
2219 3926 2598 4011 impressura
2628 3921 2922 3987 declarari

260 4029 364 4096 sed
413 4030 641 4094 iurium
689 4052 946 4117 quoque
990 4031 1459 4118 municipalium
1509 4031 1787 4098 editione
1855 4030 2159 4119 ampliari.
2228 4032 2464 4098 Nescio
2518 4053 2596 4095 an
2656 4028 2924 4095 voluerit

261 4137 411 4204 deus
459 4136 728 4225 patefieri
776 4136 946 4225 quod
996 4157 1140 4224 post
1210 4125 1577 4204 universale
1623 4160 1783 4224 opus
1830 4140 1879 4203 si
1929 4162 1962 4204 a
2010 4137 2481 4225 particularibus
2549 4154 2713 4203 esset
2765 4134 2915 4200 inci-

268 4244 561 4333 piendum
591 4270 605 4310 z
640 4242 893 4310 deberet
923 4266 956 4309 a
989 4245 1280 4311 Messana
1312 4244 1612 4311 inchoari.
1646 4246 1815 4311 Haec
1847 4246 2014 4311 enirn
2048 4245 2222 4331 regni
2254 4262 2444 4331 caput
2475 4262 2607 4309 est:
2649 4263 2922 4328 suaeque

267 4350 623 4415 sanctiones
670 4372 803 4416 non
852 4367 1100 4415 tantum
1146 4352 1209 4415 in
1257 4373 1328 4418 ea
1375 4351 1630 4439 eiusque
1675 4352 1990 4417 territorio
2024 4373 2092 4417 ac
2125 4351 2407 4416 districtu
2441 4349 2551 4415 sed
2586 4352 2771 4415 etiam
2814 4367 2924 4434 per

268 4472 483 4522 cuncta
531 4454 654 4519 iere
699 4455 1059 4521 Trinacriae
1103 4454 1263 4538 loca,
1312 4478 1472 4539 rura,
1520 4456 1714 4540 villas,
1763 4458 2016 4545 oppida,
2063 4475 2298 4540 terras,
2348 4455 2659 4543 urbesque
2706 4454 2920 4520 obser-

268 4581 504 4628 vantur.
557 4562 898 4650 Eapropter
944 4563 1384 4630 huiuscemodi
1430 4566 1860 4632 ordinationes
1908 4568 2218 4633 maiorum
2253 4584 2619 4632 nostrorum
2654 4563 2921 4629 consilio

272 4685 523 4734 statutas
573 4669 657 4735 ita
703 4668 1065 4737 deterrimas
1112 4693 1248 4737 esse
1294 4673 1731 4763 conspiciens,
1799 4673 2044 4743 abolitis
2089 4671 2395 4740 erroribus
2439 4673 2799 4760 scriptorum
2844 4667 2923 4734 ad

407 4791 490 4847 LA
524 4793 784 4851 Mam-u.
2715 4810 2735 4855 ²

2989 2651 3013 2705 5

2987 3186 3051 3224 10

2985 3718 3045 3771 15

2980 4250 3050 4289 20
